3112 5070
610 442 612 446 Α
723 372 744 437 2

179 560 331 645 futurum,
353 566 388 626 ut
408 558 569 643 legeretur
592 565 624 624 et
645 557 731 642 apud
752 578 820 642 eos,
842 557 955 641 quibus
978 557 1146 643 scribebat,
1173 556 1293 642 aliquid

180 663 311 747 valeret,
335 662 362 728 si
385 661 543 727 rhetorico
567 667 754 726 ornamento
776 680 816 724 ex
840 659 980 726 dictione
1006 667 1140 742 remoto,
1171 660 1292 744 simpli-

179 764 276 830 citate
299 762 445 829 modesta
467 769 499 828 et
517 761 633 847 jejuna
656 761 846 846 scripsisset.
892 762 1092 844 Quamquam
1107 763 1192 828 enim
1215 762 1294 829 dicit

179 866 237 950 Ep.
259 866 314 946 IX,
337 868 366 931 4.
391 867 419 948 1,
449 864 530 947 ‚quis
554 871 703 930 accurate
733 863 887 947 loquitur,
909 862 973 929 nisi
1000 865 1055 946 qui
1082 867 1151 932 vult
1183 864 1292 952 putide

178 968 278 1052 loqui,
301 968 406 1052 qualis
430 986 535 1032 sermo
565 985 655 1033 meus
678 971 773 1044 esset,
804 965 833 1031 si
855 984 919 1030 una
947 964 1144 1052 sederemus,
1170 966 1291 1032 inlabo-

178 1078 266 1136 ratus
289 1068 460 1152 etfacilis,
488 1067 571 1134 tales
593 1087 666 1134 esse
699 1067 852 1152 epistolas
881 1088 971 1135 meas
994 1071 1078 1155 volo,
1106 1089 1189 1153 quae
1211 1069 1292 1134 nihil

177 1171 319 1239 habeant
346 1169 556 1253 accersitum,'
584 1171 717 1253 quaevis
749 1177 782 1236 et
807 1170 841 1235 in
871 1171 1031 1256 epistolis
1049 1180 1081 1239 et
1108 1172 1139 1237 in
1175 1172 1291 1238 ceteris

176 1274 266 1340 libris
299 1272 460 1340 sententia
493 1273 643 1354 ostendit,
688 1294 759 1339 eum
797 1273 912 1357 minus,
955 1272 1033 1359 quid
1069 1274 1154 1341 dicat
1194 1291 1290 1360 quam

176 1376 335 1459 quomodo
365 1395 477 1442 curare
510 1397 550 1440 ac
576 1395 641 1443 non
670 1383 736 1442 tam
758 1395 826 1442 rem
847 1374 960 1462 ipsam,
989 1374 1114 1461 dequo
1140 1376 1290 1462 disputat,

176 1497 272 1561 quam
300 1478 462 1564 legentem
488 1478 613 1544 intueri.
664 1479 769 1558 Quam
798 1479 840 1546 ad
868 1478 1001 1544 nimiam
1030 1478 1180 1564 placendi
1202 1479 1290 1564 eupi-

176 1580 285 1647 dinem
307 1600 429 1665 omnes,
461 1580 597 1663 quaein
620 1600 658 1647 eo
680 1588 852 1647 cernuntur
875 1581 941 1648 stili
962 1581 1176 1666 proprietates
1198 1574 1290 1647 recti·

174 1702 237 1766 que
283 1703 359 1749 usus
397 1682 635 1766 discrepantiae
672 1680 862 1749 referendae
905 1691 988 1750 sunt.
1046 1684 1144 1750 Recte
1194 1683 1291 1768 igitur

174 1784 356 1853 Friderious
392 1785 502 1851 Haase
537 1786 570 1851 in
610 1785 811 1869 praefatione
848 1804 921 1851 eum
964 1786 996 1851 in
1033 1785 1289 1871 philosophando

175 1886 422 1955 declamatorem
446 1888 596 1972 appellat,
619 1909 692 1954 cum
713 1886 929 1973 sophistarum
956 1907 1043 1954 more
1071 1887 1208 1955 dicendo
1235 1887 1289 1955 de·

175 1990 379 2055 lectationem
410 1999 543 2074 quaerat
570 2011 632 2057 nec
658 2010 720 2074 quo
743 1989 858 2056 doceat
884 1989 943 2056 sed
972 2011 1034 2074 quo
1062 1990 1233 2076 splendeat
1257 1999 1290 2057 et

88 2137 90 2141 »
175 2092 293 2176 capiat,
325 2093 473 2177 disputet
518 2094 611 2174 Quod
644 2113 741 2177 quum
775 2092 845 2158 sine
875 2092 969 2158 dubio
992 2101 1058 2159 tam
1087 2093 1232 2178 perfecte
1257 2101 1290 2159 et

173 2197 300 2280 penitus
325 2196 462 2277 sciverit,
491 2216 586 2281 quam
614 2214 707 2260 nemo
737 2213 797 2259 nee
819 2200 894 2259 ante
921 2213 993 2260 eum
1020 2215 1081 2262 nec
1108 2203 1179 2281 post
1205 2215 1288 2279 eum,

174 2298 291 2380 evenit,
313 2306 348 2364 ut
370 2317 447 2365 suae
470 2297 596 2382 quidem
619 2296 736 2363 aetatis
759 2294 888 2362 auribus
917 2297 1161 2383 acceptissimus
1181 2299 1288 2382 fuerit,

173 2398 266 2465 nobis
288 2419 375 2483 vero,
399 2401 517 2484 quippe
545 2403 599 2484 qui
622 2398 794 2465 dictionem
824 2397 1026 2490 splendidam
1056 2421 1119 2467 non
1146 2419 1219 2466 raro
1241 2401 1288 2466 rei

169 2501 304 2588 jejunae
328 2502 543 2568 uelamentum
566 2521 639 2567 esso
667 2500 854 2584 sentiamus,
882 2500 982 2568 illicia
1011 2503 1179 2583 rhetorica,
1204 2521 1288 2585 quac

174 2605 336 2671 cumulata
358 2604 535 2671 orationem
559 2610 705 2686 onerant,
727 2603 865 2669 molesta
887 2603 961 2669 sint.

256 2706 292 2773 si
315 2706 354 2772 de
376 2705 537 2772 latinitate
553 2705 699 2772 Senecae
727 2704 887 2772 disserere
916 2705 1125 2791 instituimus,
1154 2726 1219 2772 non
1248 2724 1286 2772 eo

172 2828 232 2875 nos
255 2808 411 2874 contineri
434 2806 515 2873 satis
537 2815 595 2890 est,
618 2817 653 2875 ut
668 2827 876 2892 quaecunque
899 2807 941 2874 ad
956 2810 1185 2893 grammaticae
1208 2808 1286 2874 artis

173 2909 301 2997 regulas
329 2916 486 2995 spectant,
521 2911 646 2976 naviter
674 2931 713 2976 ac
743 2910 886 2977 studiose
912 2918 1097 2996 tractemus3
1124 2911 1182 2977 sed
1211 2901 1287 2976 ante

173 3012 218 3079 de
247 3015 441 3080 universa
467 3011 558 3098 ojus
586 3011 732 3081 indole.
753 3032 798 3078 ac
827 3012 1017 3079 narrandi
1053 3012 1286 3080 descrihen-

172 3113 296 3197 dique
318 3115 479 3181 ratione·
499 3114 655 3200 primitias
678 3113 834 3197 quasdam
857 3116 935 3182 dare
957 3135 1090 3183 necesse
1112 3121 1171 3182 est.

256 3217 410 3282 Vitiorum
435 3216 558 3283 nullum
580 3235 683 3300 genus
705 3217 737 3281 in
754 3217 898 3284 Senecae
920 3217 1060 3285 dictione
1086 3237 1189 3301 aeque
1212 3237 1285 3286 con-

172 3319 316 3405 spicuum
354 3339 427 3385 esse
460 3325 600 3398 constat,
634 3315 730 3401 quum
764 3319 847 3403 quod
883 3319 1025 3404 pertinet
1056 3320 1098 3387 ad
1131 3320 1286 3387 orationis

172 3421 313 3488 membra
350 3421 432 3487 inter
468 3440 503 3487 se
539 3420 744 3486 conectenda.
796 3420 907 3488 Oratio
944 3422 1079 3489 rotunda
1114 3423 1284 3490 verborum

171 3524 407 3591 constructione
435 3530 530 3608 atque
561 3523 730 3589 sententiis
759 3522 876 3589 leniter
903 3523 1074 3592 fluentibus
1103 3545 1167 3592 non
1190 3524 1284 3591 modo

171 3646 233 3693 non
257 3628 307 3692 cst
328 3634 451 3709 ornata,
474 3624 531 3691 sed
554 3624 660 3708 potius
683 3624 715 3689 in
740 3624 972 3692 minutissimas
991 3628 1167 3711 particulas
1182 3627 1284 3694 disso-

169 3729 246 3812 luta,
274 3738 435 3811 tamquam
465 3727 604 3793 infracta
630 3713 876 3811 ct'confragosa
904 3728 1040 3794 videtur.
1085 3727 1285 3812 Gomplicitis

170 3831 386 3914 contortisque
415 3827 705 3896 continuationibus
734 3828 921 3913 repudiatis,
954 3830 1136 3897 sententiae
1165 3829 1206 3895 de
1234 3829 1282 3894 in-

169 3933 291 3999 dustria
312 3953 376 3999 non
399 3940 473 3998 sunt
494 3950 636 3998 conexae
659 3931 727 4014 sed,
749 3950 810 3997 nec
832 3931 1109 4014 conjunctionibus
1129 3951 1190 3997 nec
1212 3951 1284 4015 pro·

169 4036 298 4102 nomine
321 4035 456 4101 relativo
479 4033 562 4100 inter
584 4052 620 4099 se
648 4033 868 4117 cohaerentes,
891 4035 994 4100 altera
1022 4034 1115 4100 alteri
1138 4042 1283 4099 assertae

170 4147 253 4204 sunt.
298 4138 368 4217 Quo
390 4136 517 4221 quidem
547 4136 593 4218 tit,
626 4145 660 4200 ut
689 4135 771 4202 alias
793 4172 835 4185 --
865 4157 935 4205 oum
965 4137 1007 4202 ad
1029 4153 1188 4220 quamque
1210 4154 1282 4202 sen-

170 4240 303 4304 tentiam
338 4238 510 4322 legendam
552 4257 655 4303 novus
697 4239 788 4322 quasi
832 4239 971 4323 impetus
1011 4237 1187 4323 capiendus
1231 4237 1282 4322 sit,
