3112 5070
749 347 803 412 *18

222 530 353 617 „quidni
368 533 454 598 non“
468 529 554 597 idem
576 530 740 616 significat
762 551 801 599 ac
816 530 970 617 „quidni‘
987 541 1082 619 egeat
1096 530 1335 599 emendatione:

221 634 272 699 De
294 635 365 701 beu.
389 635 428 718 V,
444 634 494 701 25.
512 635 542 718 l,
580 642 734 720 ,repetam
756 636 863 718 itaque
887 638 961 719 quia
976 688 984 704 .
1001 691 1007 703 .
1022 688 1030 703 .
1046 634 1192 703 'liberius
1215 633 1337 700 Caesar

221 737 305 810 inter
326 737 419 803 initia
451 736 571 802 dicenti
605 737 732 805 cuidam
765 737 992 822 „meministi“,
1019 745 1191 820 autequam
1226 738 1336 822 plures

221 844 315 902 notas
337 837 575 905 familiaritatis.
590 840 757 924 proferret,
792 859 857 905 non
894 892 912 926 „
923 841 1054 906 memini
1062 843 1080 876 “
1112 840 1223 922 inquit,
1259 839 1336 921 quid

221 940 345 1007 luerim.
390 942 439 1008 Ab
461 940 523 1007 boc
545 941 657 1024 quidni
685 963 750 1009 non
773 951 860 1008 esset
882 942 1073 1009 beneficium
1095 940 1335 1026 repetenduml'

220 1043 369 1109 Forsitan
393 1044 520 1110 Seneca
542 1044 708 1129 scripserit
729 1047 857 1128 „nunc‘·'
879 1045 935 1130 (=
952 1047 999 1130 „si
1014 1065 1067 1111 res
1083 1046 1129 1111 ita
1143 1064 1179 1110 se
1193 1043 1335 1128 babet‘).

304 1147 389 1211 Loco
412 1147 467 1212 illo
490 1146 555 1226 (De
577 1149 648 1214 ben.
669 1147 723 1230 VI,
740 1151 768 1214 7.
783 1148 830 1231 2,)
854 1148 981 1215 Seneca
996 1147 1140 1233 intellegi
1163 1146 1241 1227 vult,
1263 1166 1335 1212 eum

219 1248 274 1330 qui
296 1254 425 1314 coactus
448 1249 638 1316 beneficium
660 1251 814 1333 conterat,
851 1271 909 1317 nos
938 1270 1002 1316 nou
1028 1250 1182 1333 obligare.
1225 1249 1335 1332 Neque

220 1350 317 1432 igitur
340 1350 547 1416 excusatione
583 1352 661 1417 ista⁴
682 1372 763 1435 opus
798 1360 877 1418 crat.
931 1354 1054 1419 Tamen
1077 1351 1335 1418 emendationem

219 1471 284 1517 non
306 1453 489 1536 probamus,
513 1452 588 1536 quia
611 1453 796 1538 lectionem,
820 1475 858 1520 cx
881 1455 1044 1520 codicibus
1067 1454 1240 1520 exhibitam
1269 1473 1334 1518 mu·

220 1552 281 1618 tari
303 1573 366 1618 non
394 1574 475 1639 opus
504 1563 561 1621 est.
619 1555 712 1622 Adde
741 1557 827 1641 quod
857 1556 1012 1640 ,‚quidni“
1044 1557 1190 1642 quamvis
1226 1555 1335 1620 multis

218 1655 300 1722 locis
322 1657 512 1742 inveniatur,
535 1678 597 1724 uno
620 1659 690 1725 loco
706 1659 963 1726 enunciationem
979 1659 1103 1746 incipit,
1119 1678 1201 1742 quae
1217 1657 1336 1741 pendet

221 1777 260 1842 ex
282 1760 443 1825 sententia
466 1760 691 1827 conditionali:
715 1763 775 1846 Ep.
798 1761 902 1847 XVII,
926 1765 974 1829 19.
997 1765 1027 1846 7,
1057 1780 1198 1845 ,quorum
1230 1761 1255 1825 si
1278 1781 1334 1825 na-

219 1867 323 1943 turam
359 1860 456 1928 babct
491 1863 577 1930 intra
612 1865 784 1949 samalus,
821 1864 933 1950 quidni
963 1886 1021 1948 ago
1055 1864 1108 1929 isti
1145 1863 1335 1929 beneficium

218 1981 310 2028 suum
332 1964 499 2032 reddaml'

303 2066 402 2132 Recte
424 2069 553 2150 quidem
576 2068 751 2136 Muellerus
779 2076 811 2134 ct
832 2067 979 2153 Opitaius
1001 2068 1208 2148 contendunt,
1236 2068 1334 2134 licen·

174 2184 175 2187 ’
218 2169 296 2234 tiam
317 2188 391 2237 esse
411 2170 603 2254 inauditam,
638 2171 856 2257 conjungendi
883 2170 1077 2256 adjectivum
1101 2170 1334 2253 „manifestus“

218 2292 289 2338 cnm
326 2272 484 2357 particula
521 2275 648 2357 „quin“.
712 2273 772 2339 Vel
805 2273 894 2338 nullo
926 2272 1020 2338 modo
1058 2272 1183 2338 admitti
1219 2281 1335 2357 potest.

219 2375 299 2440 Cum
322 2375 407 2441 enim
430 2375 463 2440 in
485 2374 657 2462 hypothesi
680 2375 764 2441 desit
785 2375 923 2458 negatio,
958 2382 1053 2457 atque
1089 2375 1211 2459 duplici
1238 2376 1335 2459 parti-

218 2477 291 2543 cula
304 2477 458 2561 negativa
471 2477 602 2545 tollatur
617 2478 757 2561 negatio,
773 2477 959 2542 exhibemus
976 2497 1105 2543 sensum
1127 2477 1335 2544 contrarium:

218 2581 361 2664 „siquis
384 2587 514 2646 coactus
542 2580 665 2664 aliquid
692 2581 766 2645 boni
793 2580 881 2661 facit,
914 2568 974 2646 nos
996 2580 1149 2662 obligat.“
1176 2619 1213 2627 -
1241 2579 1334 2646 Diffi-

218 2683 370 2748 cultatem
393 2683 504 2766 opinor
526 2682 693 2762 removeri,
717 2702 788 2748 cum
813 2682 927 2766 „quin“
956 2700 1020 2747 non
1048 2681 1238 2764 particulam
1262 2702 1335 2749 esse

217 2783 385 2850 relativam
422 2784 480 2849 sed
517 2784 779 2867 interrogativam
816 2788 871 2867 (=
893 2787 968 2868 „qui
997 2788 1073 2861 nc“)
1110 2784 1267 2850 credimus
1302 2793 1335 2851 et

216 2885 484 2971 interpungimus,
520 2894 556 2952 ut
590 2886 764 2953 Muellerus
800 2887 979 2972 proposuit:
1016 2885 1065 2969 „si
1102 2886 1174 2969 quis
1204 2895 1336 2954 coactus

217 2987 338 3070 aliquid
361 2989 436 3054 boni
456 2989 545 3073 tacit,
568 2989 643 3073 quin
659 3011 719 3056 nos
734 3010 799 3056 uon
814 2988 956 3073 obliget?
971 2987 1173 3054 manifestius
1191 2998 1241 3056 est
1256 3040 1264 3056 .
1280 3039 1288 3056 .
1305 2994 1334 3058 .“

223 3166 226 3170 ,
302 3091 448 3158 Senecae
491 3092 593 3158 oratio
630 3113 694 3158 non
737 3092 807 3158 fluit
849 3092 907 3160 sed
951 3100 1114 3174 tamquam
1150 3092 1271 3158 excidit
1295 3133 1334 3142 -

218 3194 356 3278 primum
398 3195 482 3278 qnod
526 3195 758 3261 sententiarum
801 3192 965 3278 parataxis
1002 3191 1145 3258 adhibita
1181 3202 1247 3275 cst,
1284 3196 1338 3261 ubi

217 3296 393 3382 hypotaxin
422 3293 654 3378 desideramus,
691 3297 811 3364 deinde
847 3299 931 3381 quod
967 3297 1148 3365 sententiae
1170 3317 1234 3362 non
1262 3303 1337 3362 sunt

217 3398 356 3465 vinculis
395 3406 649 3484 coagmentatae.
714 3400 950 3486 creberrimum
994 3401 1092 3486 igitur
1119 3399 1215 3464 -id
1252 3399 1337 3483 quod

217 3501 353 3567 rhetoris
390 3501 590 3585 potissimum
627 3509 740 3567 est-
762 3500 945 3587 asyndeton
970 3503 1005 3572 al
1028 3501 1207 3587 anaphora
1266 3501 1334 3567 Hoc

217 3603 369 3686 loquendi
400 3623 503 3687 genus
538 3624 599 3670 ncc
633 3604 673 3670 ab
698 3603 850 3671 Cicerone
879 3624 940 3684 nec
975 3605 1015 3670 ab
1038 3604 1167 3685 ceteris,
1205 3622 1336 3686 qnorum

218 3706 303 3772 culta
324 3713 375 3773 est
402 3706 515 3786 oratio,
545 3706 705 3772 abhorret.
764 3707 891 3776 Seneca
917 3708 949 3773 in
986 3706 1046 3773 hoc
1082 3725 1208 3789 quoquc
1244 3725 1335 3770 orna-

217 3814 326 3887 mento
349 3807 507 3874 rhetorico
529 3808 571 3873 ad
593 3808 734 3875 taedium
755 3828 856 3893 usque
878 3809 1065 3877 luxuriatur.

301 3911 360 3997 Ep.
383 3911 467 3994 XVI,
490 3913 518 3976 1.
544 3913 572 3994 1,
595 3911 690 3992 ,Male
712 3911 816 3979 valeo.
860 3932 937 3996 pars
960 3912 1018 3978 fati
1040 3917 1100 3978 est.
1142 3908 1267 3977 familia
1282 3907 1335 3973 de-

218 4013 336 4095 cubuit,
358 4013 453 4078 fenus
476 4013 620 4098 offendit,
644 4013 757 4080 domas
780 4015 912 4099 crepuit,
935 4014 1066 4099 damna,
1093 4011 1227 4081 volnera
1248 4011 1334 4076 labo-

219 4137 281 4201 res,
304 4121 408 4181 metus
430 4115 678 4182 incucurrerunt.
724 4114 807 4181 solet
830 4115 907 4181 fieri.
953 4114 1014 4181 hoc
1040 4134 1154 4199 parum
1177 4119 1236 4179 est.
1282 4113 1335 4177 de-

218 4218 286 4284 buit
307 4218 387 4284 fieri.
424 4217 638 4285 decernuntur
659 4217 732 4303 ista,
754 4238 819 4284 non
840 4217 1008 4284 accidunt!
