3112 5070
753 352 794 418 28

95 617 98 623 .
219 535 307 604 niter
324 543 356 603 ct
378 537 561 623 ponderose
584 537 706 623 aliquid
720 536 907 622 ¹dicendum,
923 537 1015 620 'quod
1030 538 1113 604 ultro
1130 535 1245 604 natura
1260 538 1332 633 ipsa

218 639 380 722 praebeat.
435 641 552 707 Testes
587 647 662 707 sunt
689 639 859 725 proverbia
892 647 924 704 et
953 645 1063 706 nostra
1094 647 1126 706 et
1153 640 1265 724 latina,
1298 641 1330 705 in

220 740 336 824 quibus
364 741 639 809 allitterationem'
664 763 726 810 non
756 741 936 809 artefioioee
954 741 1168 808 elaboratam
1199 743 1256 809 sed
1292 763 1332 808 cx

221 843 353 928 linguae
375 851 492 912 natura
513 846 688 930 profectam
712 847 784 912 esee
807 844 975 911 oredimus.
1013 844 1046 911 Si
1068 844 1164 930 igitur
1186 846 1331 912 substau-

164 982 165 986 =
220 946 296 1031 tivo,
319 948 403 1030 quod
432 948 583 1033 incipitur
607 949 713 1015 littera
735 968 766 1032 p,
789 945 980 1032 saepissime
1003 947 1176 1033 apponitur
1199 937 1331 1033 adjecti-

219 1066 310 1130 vum,
327 1051 434 1135 oujus
462 1050 567 1135 prima.
599 1051 709 1118 littera
739 1048 851 1116 eadem
882 1054 950 1128 est,
988 1048 1048 1114 hoo
1076 1069 1138 1116 neo
1167 1050 1330 1117 fortuitum

219 1158 438 1235 putamus‘neo
449 1152 534 1233 inde,
558 1160 720 1220 auctorem
736 1151 874 1236 cogitate
892 1149 1152 1218 allitterationem
1169 1146 1332 1218 conuecta·

219 1246 407 1335 tum-ente,
436 1253 628 1339 colligimus.
668 1256 738 1320 Hoc
756 1255 832 1321 loco
855 1273 895 1318 ex
912 1253 1068 1337 exemplis
1094 1253 1332 1320 allitterationis

219 1356 403 1422 cumulatae
426 1365 458 1423 et
474 1364 508 1423 ut
529 1356 608 1422 mihi
630 1354 758 1440 quidem
781 1352 916 1436 videtur,
940 1355 1142 1424 arteficiosae
1162 1392 1204 1402 -
1219 1367 1332 1440 pauca,

219 1459 305 1542 quae
326 1463 365 1524 et>
378 1459 479 1527 oculis
493 1476 633 1526 eernere
656 1467 688 1525 et
710 1455 839 1524 auribus
854 1449 1033 1542 ⁴percipere
1056 1459 1153 1525 facile
1177 1465 1235 1539 eet,
1259 1480 1332 1544 pro·

222 1555 383 1630 ieramunt
414 1616 415 1619 .
457 1621 459 1629 .
1316 1614 1319 1620 .

302 1665 365 1729 Per
401 1663 664 1730 allittemtiouem
702 1671 807 1731 terrae
835 1669 939 1729 motus
970 1655 1210 1732 deseribuntur:
1231 1653 1286 1731 N.
1303 1677 1332 1749 q'.

222 1764 276 1850 Vl,
290 1767 341 1832 31.
358 1769 386 1847 1,
409 1765 555 1846 ,adsidue
571 1773 707 1831 tremere
723 1765 912 1850 Campania,
928 1765 1118 1832 clementius
1133 1767 1259 1852 quidem
1276 1768 1334 1834 sed

221 1863 344 1952 ingenti
367 1868 495 1950 damno,
522 1869 616 1954 quia
646 1887 794 1952 quassa
820 1867 1053 1949 quatiebat,
1076 1870 1225 1950 quibus
1254 1922 1260 1936 .
1285 1921 1291 1935 .
1316 1869 1332 1935 .’

219 1969 435 2038 Conseruntur
469 1971 502 2036 hi
538 1972 618 2051 loci,
647 1969 772 2053 -quibus
805 1968 1050 2036 allitterationen
1085 1979 1151 2038 tum
1195 1973 1333 2040 leviores

220 2075 287 2139 tum
315 2072 513 2158 insigniores·
538 2073 755 2157 reperiuntur:
786 2073 836 2137 De
860 2077 896 2136 tr.
920 2074 1014 2139 anri.
1040 2075 1067 2154 1,
1098 2074 1140 2155 ,in
1170 2094 1231 2156 qrra
1258 2072 1333 2140 elvi-

222 2166 288 2241 tate
311 2183 381 2241 erat
402 2178 505 2242 Areos
527 2195 628 2260 pagos
731 2175 764 2240 in
787 2195 849 2257 qua
871 2182 1002 2241 senatus
1026 2176 1225 2265 populusque
1248 2177 1333 2242 simi-

221 2270 273 2361 lis,
296 2276 432 2344 coibat
453 2278 608 2344 cotidie
631 2268 880 2343 carnificum
904 2276 1023 2344 triete
1046 2276 1268 2361 collegium
1298 2284 1336 2343 et

222 2379 372 2445 infelix
394 2380 524 2446 ouria'
546 2380 612 2445 uf.
630 2381 679 2446 De
701 2380 773 2447 ben.
795 2381 837 2460 ll,
853 2379 903 2445 25.
919 2383 950 2459 2,
972 2380 1014 2463 ,in
1038 2387 1200 2445 certamen
1224 2400 1335 2446 oureus

221 2479 433 2566 compositum
458 2490 489 2548 et
519 2473 712 2555 carceribua
726 2475 893 2551 inclusum.
937 2482 987 2546 Do
1018 2481 1054 2547 ir.
1077 2482 1103 2564 l,
1125 2484 1175 2547 20.
1198 2483 1228 2562 4,
1251 2482 1335 2565 ,ode-

133 2611 135 2614 >
222 2583 295 2663 rint,
318 2585 396 2650 dum'
411 2590 579 2651 metuant.
625 2585 759 2653 Sullano
782 2583 871 2650 -noiae
894 2576 1003 2650 seculo
1027 2583 1199 2668 scriptum!
1244 2584 1281 2674 N.
1305 2605 1334 2667 q.

220 2689 246 2768 Ι,
267 2686 303 2754 5.
320 2687 530 2773 4,‹=,singula·
559 2687 724 2756 stillicidia
754 2686 885 2771 singula
914 2685 1047 2769 apecula
1062 2688 1170 2780 eunt!
1209 2725 1253 2781 -y
1285 2688 1335 2752 De

222 2791 293 2856 ben.
315 2791 369 2870 IV,
392 2793 422 2857 2.
441 2793 475 2871 4,
509 2791 694 2872 ,manifesta
721 2788 878 2868 caecitas,
908 2787 1020 2873 primis
1049 2791 1213 2880 postrema
1241 2788 1335 2873 prae-

222 2892 326 2958 ferre'
370 2893 420 2959 De
438 2894 514 2959 iren.
538 2894 648 2978 unu.
672 2895 700 2973 1,
728 2897 821 2977 ,post
840 2889 979 2956 sceleris*
1003 2890 1235 2975 poenitentiam
1263 2890 1335 2976 pius

222 2995 329 3078 posuit
344 2997 461 3060 armo?
510 2981 658 3061 De'ben
677 2996 715 3075 V,
739 2995 788 3062 15.
810 2997 841 3079 2,
870 3013 941 3075 ,neo
962 2993 1123 3078 estquod
1148 3043 1155 3058 .
1179 3044 1186 3059 .
1211 2998 1335 3079 .⁴pute's

222 3112 279 3180 pro
300 3098 441 3181 pessimo
461 3091 643 3181 pravoque!
687 3098 738 3164 De
759 3098 831 3164 ben.
854 3096 892 3176 V,
915 3098 966 3162 21.
991 3098 1021 3177 3,
1051 3096 1205 3181 ,ingratos
1227 3098 1335 3182 palam

222 3209 261 3264 ae
284 3199 491 3284 pertinaciter
513 3199 714 3283 praeteribo'
758 3200 817 3283 llp.
840 3197 896 3264 xl.
919 3201 948 3264 3.
972 3200 1002 3281 2,
1030 3199 1126 3282 ,male
1155 3198 1233 3264 milri
1263 3219 1335 3266 case

223 3301 307 3368 malo
337 3322 431 3387 quam
466 3302 624 3370 molliter.'
687 3304 736 3368 De
761 3302 833 3367 ben.
862 3304 886 3380 Ι,
911 3303 959 3367 12.
985 3303 1012 3381 1,
1037 3286 1179 3382 ,minime
1201 3302 1336 3367 mortale

220 3412 336 3471 munim
357 3405 426 3472 est’

262 3501 265 3504 ’
307 3507 465 3572 Senecam
497 3506 601 3571 minus
630 3506 900 3590 argumentationi
929 3504 1038 3599 ¹subtili
1067 3524 1161 3587 quam
1193 3505 1335 3572 futilibus

221 3711 279 3778 ciis
322 3731 454 3796 operam
492 3711 631 3790 dedisse,
689 3709 862 3779 ostendunt
894 3708 1148 3780 ‘franelaiiunee
1185 3712 1220 3780 cl
1257 3711 1336 3780 ima·
1380 3740 1384 3750 ·

222 3813 322 3900 uinea.
373 3814 560 3880 Orationem
589 3833 665 3896 non,
702 3820 736 3879 ut
763 3813 878 3880 cicero
904 3812 993 3893 dicit,
1021 3812 1217 3896 imaginihus
1247 3814 1339 3896 quasi

220 3916 324 3982 stellis
346 3916 474 3983 ornavit
501 3915 559 3981 sed
586 3926 697 3982 earum
720 3917 859 4001 copiam·
877 3917 1116 3997 ubertatemque
1146 3915 1217 3982 sine
1243 3914 1338 3981 dubio

117 4074 119 4080 .
221 4021 254 4084 in
281 4036 439 4111 summum
463 4018 672 4102 perfeetionis
697 4018 864 4103 fastigium
895 4018 1049 4084 extollere
1077 4018 1208 4083 studuit.
1257 4017 1340 4082 Mira

222 4120 398 4221 imaginum
419 4119 702 4204 confingendamm
727 4121 871 4188 sollertia
892 4120 1068 4204 praeditus,
1092 4119 1247 4205 quidquid
1272 4119 1338 4203 plu-

223 4223 309 4291 ribus
335 4223 441 4291 verbio
473 4226 682 4310 comprobare
713 4231 769 4292 aut
796 4223 898 4292 uoluit
925 4229 979 4292 aut
1007 4222 1167 4309 nequivit,
1199 4220 1340 4312 imagi-ne
