3112 5070
727 372 768 436 45

298 556 586 644 Reprehenduntur
608 563 738 624 nostrae
761 556 876 623 aetatis
899 563 1058 643 auctores,
1081 556 1135 642 qui
1150 576 1330 626 sermonem

216 680 319 746 suum,
356 659 519 727 vocabulis
556 658 735 746 peregrinis
756 665 933 741 oneratum,
970 659 1174 746 splendidum
1201 659 1331 728 efficere

216 763 360 848 student,
393 764 441 829 sic
462 762 570 828 Latini
593 781 727 847 quoque,
760 761 814 846 qui
850 761 883 827 in
908 764 1102 831 Graecarum
1134 784 1249 830 vocum
1273 784 1332 832 usu

216 865 419 933 immoderati
461 873 543 932 suut.
607 866 731 949 Nempe
767 864 924 931 vocabula
954 866 1126 951 peregrina
1165 865 1197 931 in
1239 885 1332 932 usum

218 974 405 1034 conuertere
438 968 539 1036 solius
571 966 720 1035 rhetorici
757 967 936 1033 ornamenti
970 988 1068 1036 causa
1090 967 1204 1052 quavis
1226 975 1333 1034 aetate

217 1068 304 1137 etin
328 1070 442 1152 quavis
471 1070 584 1154 lingua
606 1069 716 1138 taedet
742 1075 838 1151 atque
864 1069 902 1136 ab
936 1089 1085 1137 sermone
1108 1089 1183 1153 vere
1207 1071 1334 1138 excrulto

218 1174 252 1239 et
273 1171 415 1259 eleganti
436 1171 578 1238 allenum
601 1179 661 1239 est.
715 1169 814 1257 cnjm
842 1171 889 1237 rei
919 1179 1019 1240 testes
1041 1181 1116 1240 suut
1137 1173 1334 1257 comoediae,

218 1274 385 1359 inquibus
409 1275 553 1342 Graecae
576 1293 672 1342 voces
709 1291 773 1339 uon
806 1279 872 1339 tam
908 1274 947 1340 ab
985 1275 1167 1343 hominihus
1200 1275 1334 1343 eruditis

218 1398 314 1462 quam
350 1378 390 1443 ab
427 1377 598 1445 rudissimo
635 1394 760 1460 quoque
784 1377 817 1442 et
837 1375 1052 1444 incultissimo
1075 1381 1254 1464 captantur.
1298 1379 1334 1446 Si

217 1478 314 1564 igItur
341 1478 549 1564 Boehmerus,
586 1478 743 1545 Senecam
781 1477 881 1544 multa
919 1479 1076 1546 vocabula
1114 1483 1238 1550 Graeca
1276 1501 1334 1566 pro

217 1580 342 1648 Latinis
364 1600 550 1667 usurpasse,
586 1600 691 1664 neque
724 1599 800 1646 vero
828 1580 1021 1665 reprehendi
1043 1602 1140 1668 posse
1160 1583 1334 1666 contendit,

216 1704 289 1751 eum
312 1685 469 1752 vucabula
491 1684 547 1750 illa
571 1684 679 1751 emnia
701 1683 771 1750 fere
793 1683 961 1750 meliorum
983 1692 1148 1753 auctorum
1174 1706 1233 1753 usu
1249 1707 1336 1754 com·

217 1786 401 1873 probentur,
437 1787 498 1854 hoc
534 1806 648 1872 parum
684 1785 800 1852 acriter
832 1784 1015 1853 conclusum
1037 1786 1172 1854 videtur.
1216 1789 1336 1857 Multae

217 1889 346 1973 quidem
369 1910 466 1958 voees
489 1888 730 1956 excusationem
751 1887 871 1955 habent
899 1901 931 1954 et
953 1889 1035 1973 qued
1057 1890 1233 1957 verendum
1256 1898 1336 1976 erat,

218 2011 259 2059 ne
297 1992 440 2060 Graecae
470 1992 665 2076 Graecarum
703 2010 807 2073 rerum
844 1991 1080 2076 appellationes
1116 1992 1149 2059 in
1184 1994 1336 2071 Latinum

218 2113 332 2161 versae
354 2095 510 2162 orationis
532 2093 754 2182 perspicuitati
776 2099 809 2159 et
830 2092 979 2160 brevitati
1011 2102 1166 2162 nocerent
1195 2104 1227 2163 et
1253 2096 1337 2181 quod

219 2196 380 2264 cotidiano
403 2216 473 2278 usu,
496 2195 736 2284 peregrinitatis
759 2195 864 2280 specie
880 2195 1012 2278 amIssa,
1026 2197 1067 2262 ‚iu
1084 2198 1235 2265 Latinum
1251 2198 1336 2264 ahIe·
1408 2211 1411 2215 ·

219 2305 301 2365 rant.
359 2299 492 2366 Praeter
528 2301 606 2368 haec
627 2317 704 2381 vero
727 2305 792 2364 tam
818 2298 918 2364 multa
940 2309 1015 2366 sunt
1042 2300 1209 2384 vocabula,
1245 2319 1338 2383 quae,

220 2402 368 2486 qrramvis
390 2403 430 2469 ab
453 2401 527 2469 aliis
550 2401 732 2468 auctoribus
756 2400 879 2486 passim
903 2410 1066 2487 usurpata,
1098 2401 1337 2487 peregrinitatis

219 2505 360 2590 speciem
383 2525 447 2573 nen
470 2512 588 2571 exuant
615 2525 655 2571 ac
672 2503 806 2590 proprie
829 2504 871 2588 et,
901 2505 1129 2589 perspicuitate
1152 2523 1215 2570 non
1238 2503 1337 2587 impe-

219 2606 299 2688 dita,
321 2607 354 2673 in
376 2606 526 2676 Latinum
549 2607 676 2692 possint
698 2605 789 2691 verti,
814 2607 848 2672 ut
868 2605 1074 2675 manifestum
1096 2607 1148 2691 sit,
1177 2607 1337 2673 Senecam

219 2709 278 2776 hoc
299 2729 425 2793 quoque
449 2710 695 2777 instrumentum
725 2708 917 2775 rhetoricum
946 2708 1130 2776 adhibuisse
1152 2708 1246 2790 alias,
1274 2727 1337 2791 quo

219 2810 365 2877 doctrina
384 2810 578 2897 splenderet,
614 2812 709 2896 allas,
745 2830 808 2896 quo
841 2811 978 2879 lascivia
1012 2811 1152 2895 quadam
1179 2810 1337 2896 petulanti

219 2933 259 2979 ac
280 2912 408 2982 lucetiis
430 2914 583 3000 placeret
627 2914 721 2996 Quod
743 2913 785 2981 ad
808 2912 1060 2998 intellegendum
1084 2914 1269 2980 conferatur
1290 2912 1336 2978 in-

219 3015 291 3097 dex,
312 3035 407 3100 quem
430 3017 628 3086 Boehmerus
659 3016 690 3082 in
721 3016 938 3102 disputatione
962 3036 1021 3083 sua
1043 3016 1231 3102 compesuit.
1277 3015 1337 3082 Oui

218 3137 331 3202 parum
354 3118 501 3186 absoluto
523 3119 605 3186 haee
626 3117 778 3185 addenda
800 3124 888 3187 sunta

302 3219 362 3305 Ep.
391 3220 450 3295 III,
478 3221 506 3286 6.
534 3221 565 3304 l,
587 3220 768 3305 ,analecta',
795 3222 856 3306 Ep.
879 3220 951 3304 XX,
983 3223 1011 3288 3.
1037 3223 1069 3306 4,
1091 3219 1270 3305 analogia,
1294 3219 1336 3286 et.

221 3322 285 3406 Ilp:
296 3321 365 3396 XX,
380 3325 409 3390 3.
426 3325 456 3407 4,
479 3323 539 3408 Ep.
555 3325 583 3407 Ι,
598 3325 627 3388 9.
642 3325 672 3408 2,
692 3323 854 3409 ,apathia'‚
878 3324 937 3409 ΕΡ.
952 3324 1022 3409 XX,
1036 3325 1066 3390 5.
1082 3327 1112 3409 2,
1135 3320 1336 3408 antipodes,

221 3424 260 3490 N.
288 3444 318 3508 q,
349 3425 385 3505 V,
423 3425 450 3490 6.
476 3428 525 3510 15,
562 3425 736 3510 argestes.
794 3426 854 3510 Ep.
882 3427 937 3507 VI,
973 3430 1003 3494 5.
1042 3431 1070 3509 1,
1106 3425 1259 3511 ,athleta',
1296 3422 1335 3491 cs.

220 3526 307 3592 Dial.
323 3527 349 3611 I,
373 3531 401 3593 1.
424 3530 455 3610 2,
478 3528 538 3613 np.
555 3528 644 3610 XIII,
660 3530 690 3593 2.
708 3529 758 3610 14,
782 3527 931 3610 ,chorda',
955 3529 1015 3613 Ep.
1037 3530 1092 3610 VI,
1103 3530 1134 3604 5.
1152 3531 1179 3607 1,
1192 3530 1336 3614 ,crypta',

221 3628 258 3696 N.
276 3651 306 3712 q.
322 3630 375 3713 IV,
397 3632 426 3695 2.
449 3632 479 3711 2,
503 3630 655 3714 ,etesiae’,
678 3628 718 3696 cf.
740 3631 779 3696 N.
791 3650 821 3712 q.
834 3630 888 3714 IV,
910 3633 940 3698 2.
956 3633 1008 3712 22,
1030 3632 1067 3707 V,
1082 3632 1170 3709 10.1,
1193 3630 1231 3703 V,
1244 3633 1293 3697 10.
1305 3633 1336 3713 3,

221 3731 258 3812 V,
282 3733 330 3798 10.
352 3732 383 3815 4,
412 3733 473 3816 Ep.
502 3733 571 3817 XV,
600 3736 629 3800 3.
653 3733 704 3814 65,
728 3733 924 3818 ,ethologia’,
967 3734 1023 3816 Ep.
1052 3733 1121 3816 XV,
1144 3734 1174 3799 3.
1196 3732 1227 3816 5,
1258 3742 1335 3818 ,ety-

219 3833 377 3920 mologia,
399 3835 449 3900 De
473 3836 544 3901 ben.
572 3835 646 3918 Vll,
669 3838 718 3902 23.
743 3838 771 3920 1,
799 3836 1004 3920 ,hyperbole',
1035 3836 1095 3920 Ep.
1118 3835 1209 3919 XIII,
1230 3838 1260 3902 2.
1285 3836 1334 3916 15,

219 3935 459 4019 grammatice,
482 3937 645 4022 Elell,
666 3939 695 4004 3.
718 3939 770 4022 24,
795 3939 1055 4020 ,grammaticus’,
1078 3939 1138 4022 Ep.
1151 3937 1245 4021 Xlll,
1257 3941 1287 4006 3.
1302 3939 1334 4021 4,

220 4037 372 4120 ,musice',
395 4038 455 4123 Ep.
478 4039 571 4123 XIII,
587 4042 616 4106 3.
644 4041 691 4124 12,
716 4041 886 4123 ,musicus',
902 4040 961 4125 Ep.
977 4039 1067 4122 XIII,
1083 4044 1113 4113 2.
1129 4044 1181 4125 28,
1203 4043 1333 4124 ,mathe-

221 4141 362 4225 matice',
387 4141 447 4226 llp.
470 4142 559 4227 XIII,
573 4145 603 4209 3.
619 4144 670 4228 27,
695 4141 969 4225 mathematicus,
1000 4143 1058 4227 Ep.
1083 4145 1126 4229 II,
1147 4148 1176 4210 9.
1199 4147 1230 4228 4,
1258 4166 1333 4227 ,urc-

219 4244 384 4327 gistaues’,
434 4245 471 4311 N.
502 4246 614 4328 (1.111,
644 4248 673 4312 2.
705 4248 734 4329 Ι,
776 4249 904 4332 ,petra'.
956 4245 1004 4311 ef.
1033 4245 1071 4311 N.
1100 4267 1127 4330 q.
1158 4245 1216 4328 VI,
1245 4247 1325 4314 8.4
