3112 5070
745 348 785 416 15

203 532 296 601 dest?
317 532 400 601 sibi!
442 533 502 620 Ep.
524 532 579 616 IV,
601 534 629 600 2.
653 535 702 617 11,
740 533 826 618 ,1616
853 532 915 600 166
949 534 1020 602 est?
1055 532 1201 601 animus!
1261 534 1320 619 llp.

201 636 285 718 XIV,
308 639 337 702 3.
359 639 411 717 21,
435 634 515 718 ‚quis
538 635 581 700 sit
601 636 752 717 quaeris?
775 636 924 703 animus!
968 636 1028 720 Ep.
1054 638 1099 716 ΙΙ,
1116 639 1144 702 1.
1162 640 1210 717 11,
1235 636 1320 720 ,1616

201 739 304 806 166166
327 739 430 807 lucri?
451 741 600 823 tempus!
657 739 717 824 Ep.
740 739 808 818 XV,
831 741 860 805 3.
882 739 934 817 48,
957 758 1052 823 ,1666
1074 759 1173 806 66666
1199 747 1249 806 661
1271 739 1321 806 616

201 841 451 908 benefaciendi?
495 844 630 909 natura!
688 841 750 924 Ep.
780 839 807 923 Ι,
831 842 859 905 7.
884 844 912 922 l,
945 839 1033 923 ,quid
1063 841 1120 907 tibi
1153 841 1319 907 vitandum

202 944 376 1030 praecipue
398 945 591 1028 existimem,
613 942 763 1028 quaeris?
785 942 929 1008 turbam'
974 942 1033 1027 Ep.
1048 943 1103 1027 IV,
1116 944 1146 1009 5.
1164 946 1213 1027 11,
1234 943 1320 1026 ,1616

200 1044 314 1134 16166
335 1052 386 1112 661
410 1046 487 1112 mali
500 1043 855 1128 quaeris?infiuitum.'
878 1043 1052 1128 11111115.
1070 1047 1119 1127 10,
1141 1044 1228 1130 ,1616
1249 1096 1257 1113 .
1279 1097 1287 1111 .
1311 1096 1320 1114 .

201 1148 365 1233 proprium
389 1147 455 1214 sit?
491 1148 593 1216 ratio!
651 1147 712 1232 Ep.
735 1147 774 1231 V,
796 1148 826 1213 2.
848 1146 879 1228 4,
901 1142 988 1230 ,1616
1010 1165 1086 1230 ergo
1109 1154 1158 1212 est
1182 1147 1321 1214 bouum?
1346 1196 1347 1199 ,

200 1249 355 1316 scientia!
399 1250 460 1335 Ep.
482 1252 521 1334 V,
544 1253 573 1319 8.
595 1253 628 1331 6,
650 1249 738 1333 ,quid
760 1300 767 1315 .
792 1299 800 1316 .
823 1247 1040 1332 promittat?
1063 1249 1254 1316 consilium!

284 1352 379 1435 Usus,
401 1373 464 1436 quo
485 1351 778 1437 interrogationem,
801 1350 852 1416 661
867 1351 965 1416 verba
980 1349 1076 1434 ,,1616
1092 1371 1169 1434 ergo
1176 1352 1212 1416 ?“
1226 1373 1318 1437 prae·

198 1453 322 1535 ludunt,
359 1455 411 1520 vel
432 1454 662 1521 affirmativam
689 1453 742 1520 vel
765 1453 961 1537 negativam,
998 1453 1117 1539 excipit
1149 1455 1318 1538 responsio

199 1555 306 1623 verbis
329 1555 503 1637 „minime‘
525 1563 580 1621 aut
603 1555 720 1636 „immo
735 1559 851 1636 ‘vero“,
885 1555 982 1620 nimis
1010 1555 1103 1621 tritus
1126 1563 1186 1636 est,
1222 1576 1316 1638 quam

199 1666 236 1723 ut
259 1657 414 1739 Senecae,
450 1658 567 1744 quippe
604 1658 657 1741 qui
684 1656 852 1724 scribendo
881 1656 1052 1741 splendere
1078 1657 1166 1738 volit,
1202 1679 1317 1726 couve-

200 1760 277 1826 niat.
322 1760 362 1824 Ei
385 1759 538 1827 usitatum
561 1768 609 1826 est
631 1759 808 1826 concedere
830 1767 863 1824 et
884 1760 1104 1826 contradicere
1132 1768 1188 1825 aut
1209 1761 1317 1844 verbo,

199 1882 238 1927 ex
260 1861 472 1930 antecedente
494 1861 657 1930 sententia
680 1860 814 1946 repetito
845 1868 901 1927 aut
922 1862 1020 1927 verbo
1048 1859 1235 1945 „sateor“
1262 1872 1317 1930 aut

198 1962 364 2048 particulis
387 1970 513 2045 „non“
536 1971 576 2030 61
598 1963 797 2047 ,1616611

279 2066 330 2132 De
352 2067 413 2132 beu
435 2066 461 2147 Ι,
486 2068 534 2133 15.
560 2067 590 2146 6,
612 2065 699 2149 ,1616
722 2065 822 2149 ergo?
854 2084 918 2130 nou
952 2057 1026 2129 erat
1050 2065 1272 2149 accipiendum
1295 2087 1316 2132 a

197 2167 343 2248 Claudio,
365 2167 449 2252 1666
470 2167 627 2233 dabatur?
649 2175 727 2249 erat,
750 2166 809 2234 sed
832 2217 839 2232 .
863 2218 871 2235 .
895 2169 912 2232 .'
957 2166 1016 2250 Ep.
1040 2167 1079 2247 Il,
1102 2168 1130 2232 7.
1156 2170 1204 2246 12,
1228 2169 1314 2251 ,1616

197 2268 297 2352 ergo?
318 2268 476 2336 beneficia
493 2289 558 2335 non
580 2276 696 2353 parant
717 2268 901 2336 amicitias?
923 2270 1052 2349 Parant,
1076 2269 1103 2336 si
1126 2322 1133 2335 .
1156 2321 1163 2337 .
1188 2273 1205 2338 .'
1229 2272 1314 2337 Dial.

109 2439 111 2444 ,
196 2374 237 2453 ΙΙ,
259 2375 289 2438 4.
314 2374 342 2452 1,
369 2370 456 2457 ,1616
479 2371 577 2456 ergo?
605 2391 670 2437 666
695 2421 702 2437 .
726 2422 733 2438 .
757 2420 764 2437 .
788 2370 944 2455 temptet?
966 2370 1144 2455 temptabit,
1161 2372 1219 2437 sed
1242 2423 1248 2438 .
1273 2425 1279 2440 .
1303 2427 1309 2439 .

195 2473 234 2541 N.
258 2494 287 2558 q.
310 2473 371 2555 ΙΙΙ,
393 2477 423 2540 2.
446 2476 476 2558 6,
499 2474 715 2558 ,quidergo?.
741 2525 747 2540 .
771 2526 778 2539 .
801 2473 1019 2566 nouelliciat?
1042 2473 1205 2541 efficiet..
1222 2478 1240 2543 .’
1265 2475 1314 2542 De

196 2577 267 2642 beu.
288 2576 344 2657 VI,
366 2578 417 2642 42.
429 2578 459 2656 2,
483 2575 571 2658 ,1616
593 2575 694 2660 ergo?
711 2627 719 2642 .
736 2627 768 2641 ..
791 2595 918 2660 semper
934 2575 1079 2641 debebo?
1100 2573 1240 2659 debebis,
1256 2578 1314 2644 sed

195 2678 305 2764 palam
326 2678 480 2745 debebis.'
1421 2691 1422 2694 ’

278 2819 321 2829 -
343 2778 528 2862 „Faieor.“
585 2780 646 2865 Ep.
669 2781 738 2862 XV,
759 2784 863 2868 336,
900 2781 987 2865 ,1616
1017 2782 1116 2867 ergo?
1151 2797 1214 2847 nou
1244 2783 1312 2866 qui-

195 2882 270 2949 dam
291 2933 299 2950 .
322 2934 330 2948 .
351 2934 359 2949 .
383 2883 575 2950 evaserunt?
603 2882 721 2948 fateor:
743 2884 800 2950 sed
824 2937 830 2950 .
854 2935 861 2951 .
886 2888 903 2952 .’
925 2886 964 2954 N.
981 2906 1010 2969 q.
1034 2887 1075 2965 ΙΙ,
1100 2888 1148 2952 13.
1171 2888 1201 2965 3,
1225 2887 1312 2969 ,1616

195 2986 297 3071 ergo?
318 3006 383 3053 nou
406 3036 414 3052 .
438 3037 446 3053 .
469 3036 477 3053 .
501 2984 629 3052 solent?
661 2983 779 3051 fateor:
811 3009 875 3054 nou
909 2996 984 3054 sunt
1005 2996 1113 3054 tamen
1137 3040 1143 3053 .
1168 3039 1176 3054 .
1200 2990 1217 3054 .'
1262 2989 1312 3055 De

195 3090 231 3157 ir.
254 3090 279 3170 Ι,
303 3089 352 3156 16.
376 3091 405 3170 l,
428 3087 514 3171 ,quid
536 3087 636 3171 ergo?
658 3108 722 3154 666
746 3139 753 3156 .
777 3142 784 3155 .
806 3140 813 3157 .
837 3090 1007 3176 tangetur?
1028 3089 1152 3155 fateor!

278 3192 350 3258 Uno
387 3192 457 3257 1666
494 3189 704 3273 iuterrogatio
743 3191 901 3276 excipitur
933 3191 1143 3276 responsione
1179 3197 1310 3276 ,161611

195 3292 279 3363 6611
334 3294 371 3359 N.
394 3314 423 3376 1.
446 3294 473 3373 Ι,
507 3292 536 3356 5.
561 3293 590 3372 6,
627 3290 701 3374 1616
740 3294 841 3377 ergo?
876 3315 940 3360 666
965 3344 972 3360 .
997 3344 1004 3359 .
1028 3344 1035 3360 .
1059 3293 1164 3360 solet?
1199 3315 1309 3360 verum

194 3405 254 3476 est,
277 3395 335 3461 sed
358 3447 366 3461 .
389 3447 396 3461 .
420 3397 437 3461 .'

278 3497 362 3563 Tota
383 3496 544 3563 latinitate
566 3516 629 3561 uon
654 3516 819 3564 occurrere
850 3499 964 3584 opinor
994 3499 1124 3565 verbum
1152 3497 1308 3581 „tacio“

193 3599 254 3666 hoc
276 3600 370 3665 modo
392 3605 594 3683 usurpatum:
616 3599 664 3664 De
687 3600 724 3665 ir.
746 3602 771 3682 Ι,
795 3602 824 3668 8.
849 3604 877 3680 7,
901 3601 987 3685 ,1616
1014 3601 1113 3684 ergo?
1148 3620 1211 3665 nou
1248 3601 1309 3666 ali·
1449 3687 1452 3692 Ι

193 3701 321 3784 166666
350 3702 383 3766 16
406 3702 454 3766 ira
476 3719 601 3784 166166
624 3708 656 3766 61
686 3702 857 3770 demittunt
894 3703 1073 3770 incolumes
1109 3701 1309 3786 intactosque

194 3820 272 3885 quos
295 3801 452 3868 oderunt?
474 3802 616 3869 iaciunt!

141 3893 143 3899 ¹
275 3939 317 3952 -
343 3903 515 3990 „uuldnl.“
573 3904 624 3971 De
655 3906 725 3972 bon.
754 3907 823 3988 Vll,
845 3909 875 3974 3.
900 3910 928 3987 1,
963 3906 1048 3991 ,1616
1076 3906 1175 3989 ergo?
1207 3907 1306 3973 virtus

192 4003 234 4072 ad
270 4007 363 4072 beate
399 4007 573 4073 vivendum
610 4007 739 4092 suflicit,
777 4009 887 4092 quidni
923 4008 1093 4075 sufficiat?
1151 4008 1201 4074 De
1237 4010 1307 4076 beu.

192 4108 247 4191 vl,
272 4110 320 4175 19.
346 4111 396 4190 12,
433 4109 518 4191 ,quid
539 4109 637 4194 ergo?
671 4109 775 4194 inquit
796 4161 804 4177 .
827 4161 835 4177 .
859 4162 866 4177 .
889 4111 918 4177 si
941 4110 1074 4191 dederit,
1104 4110 1185 4176 nibil
1212 4111 1306 4177 debe-

193 4209 291 4275 bunt?
326 4209 438 4292 quidni
474 4212 643 4277 debeant?
688 4213 748 4296 Ep.
771 4213 853 4296 XIV,
874 4214 904 4278 4.
929 4214 956 4292 1,
997 4213 1082 4296 ,quid
1106 4213 1206 4296 ergo?
1243 4233 1306 4280 nou
