3112 5070
677 365 799 435 Ι49,

304 549 366 637 Ep:
381 550 469 633 XIII,
484 551 514 616 2.
533 551 582 634 12,
605 549 800 631 ,etiamnunc
823 550 930 617 facere
952 550 985 616 id
1005 551 1135 636 planius
1158 536 1250 615 volo.²
1272 546 1334 634 Ep.

219 652 313 734 XIII,
336 655 364 719 2.
387 655 438 734 31,
467 654 581 738 ,magis
599 653 813 720 'etiamnunc’
862 640 914 716 Ad
942 651 1054 738 Polyb.
1077 652 1117 718 de
1140 670 1226 716 cons.
1249 651 1278 718 1.
1302 652 1333 732 1,

219 755 414 836 ,etiamnunc
436 755 610 822 levioribus
632 754 803 839 r·emediis,²
826 754 875 820 Oi.
891 752 943 818 Ad
965 754 1076 840 Polyb.
1100 754 1140 819 de
1163 773 1251 820 cons.
1265 754 1333 836 8.1,

218 858 279 942 Ep.
312 857 396 937 XVI,
419 859 449 923 2.
470 859 502 941 2,
545 858 748 936 ,etiamnunc
784 856 925 940 turpius.²
987 857 1047 941 Ep.
1081 856 1181 939 XVII,
1214 858 1244 922 2.
1279 857 1330 936 21,

219 959 415 1049 ,etiamnunc
436 959 653 1041 frequentior.²

304 1061 393 1127 Haec
415 1060 544 1144 quidem
568 1061 711 1129 Senecae
735 1060 932 1130 consuetudo
962 1068 1091 1146 praesto
1118 1060 1198 1126 mihi
1221 1059 1332 1126 estad

218 1165 325 1243 locum
347 1169 529 1247 corruptum
546 1183 606 1230 nec
623 1164 704 1251 jam,
727 1175 762 1231 ut
783 1186 843 1250 ego
861 1162 990 1248 quidem
1005 1163 1152 1248 arbitror,
1173 1170 1332 1243 sanatum,

219 1264 465 1347 emendandum.
507 1266 606 1346 iud.
635 1265 676 1333 de
705 1287 744 1333 m.
767 1267 814 1333 Gi.
843 1268 874 1333 b.
903 1268 933 1350 3,
966 1286 1006 1333 ex
1039 1265 1201 1333 codicibus
1237 1266 1332 1332 lectio

220 1368 403 1444 exhibetur:
427 1367 528 1453 ,Turn
544 1368 700 1462 Hercules
723 1370 826 1454 primo
850 1369 1004 1454 adspectu
1027 1388 1107 1435 sane
1129 1368 1333 1453 perturbatus

220 1479 277 1555 est,
306 1477 341 1536 ut
371 1470 425 1553 qni
455 1469 552 1535 etiam
581 1490 645 1536 non
679 1472 788 1538 omnia.
815 1478 957 1538 monstra
978 1471 1136 1537 timuerit‘
1165 1470 1333 1537 Bernhard

220 1572 368 1653 Schmidt
410 1571 487 1657 „Zu
514 1571 664 1639 Seneca’s
701 1573 1036 1660 Apooolocynthosis“
1080 1573 1208 1660 (Rhein.
1251 1573 1332 1639 Mus.

216 1676 316 1760 XIV.)
350 1674 503 1741 codicum
543 1675 675 1742 lectioni
717 1675 868 1742 mendum
907 1676 1015 1742 inesse
1060 1682 1168 1760 negat.
1239 1674 1332 1755 Quod

220 1778 350 1865 quidem
386 1796 449 1844 non
478 1784 599 1844 rectum
633 1777 775 1858 videtur,
806 1778 945 1862 primurn
973 1780 1048 1863 quia
1084 1777 1222 1863 „etiam“
1260 1797 1332 1843 cum

220 1882 392 1966 negatione
415 1879 631 1966 conjunctum,
661 1880 706 1945 ita
730 1887 764 1945 ut
785 1881 849 1945 rim
877 1881 1045 1946 verborum
1068 1880 1227 1948 sustineat
1258 1872 1334 1965 „ne-

220 1983 369 2068 quidem“
396 1982 482 2068 apud
511 1984 670 2058 Senecam
699 1982 825 2048 videtur
846 2003 910 2049 non
932 1981 1086 2066 inueniri,
1113 1982 1231 2049 deinde
1260 1983 1335 2066 quia

220 2086 368 2152 verbum¹
389 2085 524 2160 timendi
570 2105 611 2151 ne
647 2105 718 2152 eum
760 2085 893 2152 vocibus
942 2083 1070 2168 quidem
1107 2105 1262 2151 conexum
1300 2092 1334 2150 ut

219 2188 359 2274 „ferae“,
383 2187 571 2273 „monatra“
606 2224 645 2235 -
669 2187 754 2270 quod
776 2186 983 2253 Bernhardus
1006 2186 1153 2254 Schmidt
1179 2188 1249 2254 loco
1276 2187 1333 2253 ibin

220 2289 362 2357 affirmat
400 2329 443 2337 -
479 2280 646 2374 pugnandi
681 2289 846 2354 notionem
875 2289 993 2367 habere
1020 2296 1133 2375 potest.
1192 2290 1336 2358 Haasius

220 2393 362 2479 scripsit:
400 2398 452 2478 ,ut
486 2411 580 2475 quem
611 2390 681 2477 jam
718 2411 779 2459 non
816 2391 925 2457 omnia
961 2399 1105 2458 monstra
1141 2391 1333 2460 timuerint.“

222 2494 428 2561 Manifestum
465 2501 536 2577 est,
591 2494 774 2575 sententia,
814 2513 895 2577 quae
932 2493 1103 2578 incipiatur
1125 2494 1230 2560 verbis
1275 2502 1335 2575 „ut

219 2597 301 2680 qui‘²
349 2597 502 2666 contineri
546 2616 701 2680 causam,
753 2604 885 2680 propter
927 2616 1023 2678 quam
1065 2596 1222 2663 Hercules
1258 2617 1334 2682 per·

220 2700 371 2766 turbetur.
413 2697 513 2780 -Quod
529 2698 678 2783 exprimi
711 2717 827 2765 censeo
855 2718 920 2764 non
950 2699 1095 2784 potuisse
1124 2717 1164 2763 ea
1198 2699 1333 2783 ratione,

221 2808 256 2865 ut
282 2800 441 2870 diceretur
461 2819 557 2886 „non
588 2801 697 2867 omnia
730 2808 874 2867 monstra
902 2820 973 2866 eum
1001 2800 1202 2866 timuerunt!²
1251 2802 1335 2884 Quid

223 2902 308 2968 enim
330 2902 371 2968 ad
393 2922 472 2984 rem,
502 2910 606 2969 utrum
623 2894 773 2970 'monstra
795 2923 867 2969 eum
890 2903 1033 2983 timeant,
1055 2903 1178 2970 necne?
1220 2905 1335 2987 Quam-

222 3006 331 3077 obrem
364 3006 466 3090 prima
500 3006 595 3072 litera
633 3007 722 3073 vocis
758 3005 901 3090 ,omnia²‘
934 3005 1136 3071 antecedenti
1162 3007 1335 3095 impertita,

222 3108 375 3193 seriptum
400 3107 498 3176 fuisse
521 3109 671 3192 conjicio:
695 3116 746 3194 ,ut
768 3108 820 3192 qui
843 3107 1028 3174 etiamnunc
1049 3109 1162 3174 nova“.

305 3210 426 3276 Eadem
468 3211 593 3277 ratione
634 3213 761 3281 Seneca
804 3208 961 3296 „adbue“
1001 3230 1072 3276 curn
1116 3211 1334 3296 comparativo

222 3313 402 3396 composuit
434 3313 495 3396 ita,
527 3319 568 3377 nt
591 3313 662 3400 ejus
683 3313 766 3397 rim,
803 3314 844 3379 ad
877 3314 1036 3398 ampliora
1068 3320 1100 3380 et
1129 3313 1252 3400 majora
1279 3315 1332 3380 ad·

222 3414 380 3482 sceudens
402 3423 579 3499 augeret:

228 3594 230 3602 J
304 3517 364 3602 Ep.
386 3516 477 3594 XVI,
492 3519 567 3591 2.,3
591 3516 707 3599 ,adhuc
731 3483 871 3602 majora.²
917 3518 976 3602 Ep
994 3518 1097 3599 XVII,
1114 3521 1141 3585 1.
1159 3519 1208 3603 15,
1232 3519 1334 3599 ,multi
1448 3586 1450 3590 .

221 3619 336 3707 pejora
365 3619 471 3686 adbuc
498 3619 621 3704 pacisci
651 3619 755 3705 parati
784 3621 875 3685 sunt.²
930 3620 990 3706 Ep.
1011 3621 1066 3701 Vl,
1094 3622 1125 3687 5.
1147 3622 1176 3706 8,
1206 3622 1334 3706 anime,

222 3723 277 3806 qui
303 3722 405 3790 adhue
432 3724 557 3790 tenuior
585 3725 653 3790 est.²
708 3723 767 3808 Ep
796 3723 872 3802 XII,
900 3726 929 3790 3.
952 3725 1004 3804 40,
1029 3722 1143 3803 ,adhuc
1170 3724 1335 3792 uiliorem.²

222 3825 284 3942 Ep.
309 3824 384 3909 vll,
416 3829 447 3894 4.
476 3827 527 3904 46,
562 3825 727 3912 ,maj0rem
759 3825 883 3892 adbuc.²
939 3827 1001 3911 Ep.
1028 3827 1065 3906 V,
1096 3829 1125 3892 9.
1155 3828 1185 3906 3,
1222 3828 1338 3907 ,adhuc

222 3927 345 3997 miuus.²

305 4029 498 4101 Posteriorie
518 4029 635 4099 aetatis
651 4029 824 4148 scriptores
848 3966 987 4116 „adhue²²
1010 4050 1068 4116 pro
1092 4030 1259 4118 „insuper“
1282 4034 1336 4104 vel

224 4135 428 4261 ,praeterea“
451 4140 619 4223 ponunt
722 4182 724 4193 ,

297 4236 579 4321 1111111111,
598 4235 688 4320 ,quid
703 4243 763 4316 est,
784 4236 867 4319 quod
890 4235 994 4302 adhue
1010 4235 1192 4320 praedicere
1207 4237 1335 4304 veiim?²

1124 4347 1143 4404 4
