3112 5070
757 370 799 435 57

220 555 377 641 partioula
414 594 452 606 -
489 556 552 624 nisi
575 555 687 622 induta
708 556 837 623 notione
860 554 1028 641 temporali
1064 591 1105 603 -
1142 555 1334 623 nonhabet.

221 658 293 738 Qua
314 679 349 725 re
370 647 432 725 hoo
453 660 557 746 ipsum
582 678 705 744 quoque
734 658 926 742 declaratur,
962 658 1045 743 quod
1081 678 1254 742 numquam
1274 659 1338 725 for·

218 758 309 825 mula
332 759 476 828 adbibita
495 769 544 827 est
566 780 649 845 „non
678 760 772 827 modo
793 800 837 810 -
858 760 916 827 sed
938 761 1068 828 etiam“.
1119 761 1182 829 Ubi
1210 764 1339 847 tempus

220 862 354 945 aliquod
390 863 605 948 significatur,
641 862 800 948 partioula
835 863 971 944 „modo“
1007 863 1174 949 apposita,
1212 869 1339 948 tempus

221 963 373 1031 distinete
396 964 644 1032 determinatum
667 974 699 1033 et
721 966 761 1032 ab
790 965 865 1031 aliis
893 965 1090 1050 temporibus
1121 965 1339 1050 separandum

221 1086 294 1133 esse
317 1066 523 1153 intellegitur.
576 1069 648 1149 Qua
670 1068 831 1135 derauso
854 1066 1046 1153 saepissime
1075 1067 1203 1152 quidem
1225 1067 1340 1134 dieitur

222 1169 262 1235 de
286 1175 429 1255 tempore
451 1171 635 1256 praeterito,
672 1190 776 1254 neque
813 1189 890 1236 vero
926 1169 966 1234 ab
995 1168 1118 1235 ratione
1140 1188 1263 1252 usuque
1285 1170 1339 1236 ab·

221 1271 338 1356 horret,
366 1279 493 1358 tempus
521 1273 663 1340 futurum
698 1274 751 1339 vel
772 1291 928 1358 praesens
955 1290 1044 1355 vooe,
1080 1271 1220 1355 ‚‚modo“
1241 1290 1339 1357 appo·

157 1387 159 1391 ’
221 1373 283 1440 sita
306 1374 528 1443 determinare.
586 1376 680 1457 Quod
707 1395 747 1442 ex
769 1373 926 1459 exemplis
949 1373 982 1439 in
1004 1371 1190 1441 Tursellino
1213 1371 1339 1438 collatis

220 1475 428 1563 intellegitur.
473 1479 600 1545 Seneoa
629 1477 768 1562 „modo“
795 1475 920 1542 addidit
946 1483 1071 1542 tantum
1097 1475 1285 1561 imperfecto
1307 1480 1340 1540 et

220 1578 374 1664 perfeeto.

304 1681 384 1747 Lud.
406 1681 446 1748 de
469 1689 561 1749 mort.
586 1683 633 1750 Ol.
658 1685 684 1749 1.
707 1684 738 1767 4,
774 1702 859 1767 ‚eum
887 1680 940 1764 qui
970 1681 1065 1748 modo
1095 1730 1102 1747 .
1128 1735 1134 1748 .
1158 1729 1165 1746 .
1188 1679 1339 1746 videbat!

219 1783 258 1849 N.
281 1802 311 1866 q.
335 1783 359 1863 l,
380 1783 410 1850 5.
434 1785 464 1870 9,
487 1784 601 1870 ‚modo,
623 1785 735 1870 inquit,
757 1784 841 1851 inter
863 1789 1052 1868 argumenta
1074 1780 1237 1868 ponebas?
1280 1783 1338 1867 Ep.

219 1884 341 1970 XVIII,
363 1887 393 1952 2.
415 1887 446 1970 6,
482 1887 578 1972 ,quod
605 1887 701 1955 modo
832 1889 920 1954 erat!
976 1887 1015 1953 N.
1037 1908 1068 1971 q.
1091 1885 1118 1965 Ι,
1142 1883 1171 1951 6.
1194 1885 1225 1970 5,
1261 1885 1339 1970 ‚dixi

221 1987 335 2054 modo!
378 1989 438 2074 Ep.
461 1992 499 2075 V,
521 1993 551 2058 9.
573 1994 603 2075 2,
626 1989 731 2075 ,modo
753 1989 902 2056 amisisse
923 1995 956 2056 te
980 1988 1113 2056 videor.'

303 2090 355 2155 Ad
376 2091 513 2158 alteram
535 2091 714 2179 particulae
744 2092 906 2158 notionem
936 2090 1141 2158 referendum
1164 2098 1224 2175 est,
1253 2090 1337 2174 quod

220 2192 253 2257 in
276 2192 455 2274 sententiis,
490 2194 604 2278 quibus
641 2193 787 2262 eondioio
818 2192 931 2279 aliqua
966 2195 1155 2282 exprimitur
1190 2193 1338 2279 ‚‚modo“,

220 2314 281 2379 qno
306 2296 487 2363 sententiae
509 2296 590 2364 fines
613 2298 827 2383 proferantur,
866 2298 920 2365 vel
947 2296 1125 2384 particulae
1147 2296 1199 2363 vol
1222 2316 1337 2382 prono·

219 2396 298 2462 mini
321 2397 457 2464 additur.

303 2499 355 2565 Ad
377 2500 487 2586 Polyb.
510 2501 550 2568 de
573 2522 661 2571 oons.
685 2506 713 2570 7.
739 2506 767 2585 1,
790 2502 974 2589 ,intellegis
1005 2501 1034 2568 si
1055 2502 1126 2584 quis
1150 2501 1244 2568 modo
1267 2503 1338 2568 est!

220 2599 271 2666 Ad
299 2601 412 2687 Polyb.
438 2602 478 2669 de
508 2622 596 2671 cons.
624 2607 653 2672 7.
679 2607 707 2690 1,
743 2606 782 2690 ,si
804 2604 897 2672 modo
919 2603 1049 2671 vidisti!
1107 2604 1159 2670 Ad
1180 2602 1274 2670 Helu.
1297 2603 1338 2669 de

221 2722 308 2771 oons.
334 2704 382 2773 16.
404 2705 435 2785 5,
459 2704 626 2792 ‚jubebunt
647 2727 830 2792 exsurgere,
867 2707 895 2773 si
918 2707 1012 2773 modo
1035 2706 1145 2773 voles.²
1193 2705 1274 2772 Lud.
1297 2705 1338 2771 de

221 2815 313 2872 mort.
330 2807 378 2874 01.
394 2809 445 2874 24.
460 2810 491 2889 4,
513 2808 551 2892 ‚si
576 2809 670 2876 modo
694 2810 778 2878 sois)
802 2847 842 2859 -
865 2810 916 2876 De
930 2810 1004 2876 ben.
1018 2807 1074 2889 VI,
1090 2810 1140 2877 35.
1155 2810 1186 2893 5,
1209 2807 1230 2889 ,i
1251 2827 1338 2873 nuno

219 2915 251 2974 et
274 2907 334 2974 boo
354 2908 440 2994 grati
462 2929 535 2977 esse
556 2916 644 2995 puta,
681 2912 764 2996 quod
800 2932 842 2979 ne
879 2913 1025 2997 ingratus
1052 2911 1181 2995 quidem
1203 2912 1338 2994 faceret,

221 3009 276 3094 qui
307 3010 402 3078 modo
429 3062 437 3078 .
460 3062 468 3078 .
492 3061 499 3078 .
527 3012 727 3098 perveniret?
784 3013 836 3079 Ad
862 3015 956 3081 Helv.
980 3013 1020 3081 de
1043 3033 1131 3081 oons.
1155 3014 1203 3079 11.
1224 3014 1255 3097 4,
1292 3012 1337 3097 ,in

220 3111 308 3177 omni
329 3111 501 3195 desiderio,
531 3114 615 3198 quod
643 3116 833 3183 modo...
859 3116 1023 3184 nascitur!
1079 3115 1131 3183 Ad
1158 3115 1269 3200 Polyb.
1296 3114 1337 3181 de

220 3232 308 3281 oons.
332 3217 381 3283 17.
405 3218 437 3301 2,
474 3218 648 3300 ,neminem
672 3217 873 3306 dedignatur,
905 3219 959 3303 qui
982 3219 1106 3286 modo.
1130 3266 1137 3283 .
1162 3267 1169 3284 .
1189 3217 1337 3304 judicab'

222 3313 271 3381 cf.
294 3318 336 3384 ad
357 3319 452 3388 Helv.
474 3319 515 3386 de
538 3339 625 3387 eous.
648 3322 678 3389 9.
700 3322 731 3406 4,
757 3324 805 3388 10.
828 3323 858 3387 2.

304 3421 354 3487 Ex
377 3419 520 3508 vulgaris
543 3421 702 3489 sermonis
724 3422 903 3490 imitatione
934 3441 973 3489 ea
1002 3422 1129 3490 videtur
1151 3419 1336 3487 manavisse

216 3519 311 3605 ratio,
343 3544 407 3608 qua
442 3523 611 3610 particula,
649 3532 683 3592 ut
717 3526 848 3610 gravins
882 3524 1109 3609 admoneatur,
1145 3523 1336 3609 imperativo

221 3613 403 3708 appohitur.

305 3727 356 3794 De
378 3729 414 3795 ir.
436 3730 478 3811 Il,
503 3733 551 3798 13.
573 3731 604 3815 2,
628 3729 716 3812 ,inite
740 3729 834 3796 modo
859 3731 950 3797 bonis
972 3728 1146 3815 auspiciis!
1190 3730 1241 3796 De
1264 3731 1335 3797 ben.

218 3827 245 3910 1,
267 3831 297 3896 4.
322 3833 351 3910 1,
373 3832 494 3915 ,omnia
514 3832 577 3900 ista
600 3832 788 3916 relinquam,
825 3840 858 3899 tn
881 3833 975 3900 modo
1003 3852 1061 3899 nos
1083 3835 1191 3900 tuere?
1249 3833 1336 3899 Dial.

217 3932 241 4012 1,
264 3935 293 3999 6.
316 3935 346 4015 4,
369 3933 545 4018 ,adtendite
568 3935 663 4001 modo
685 3942 718 4001 et
731 3934 900 4002 videbitis!
929 3933 1009 4001 Lud.
1032 3933 1072 4000 de
1087 3942 1179 4003 mort.
1195 3934 1243 4003 (11.
1258 3937 1288 4001 2.
1304 3937 1335 4019 4,

216 4036 322 4122 ‚modo
345 4035 397 4102 dio
419 4036 531 4104 nobis.²

301 4138 548 4205 Determinandi
570 4140 634 4205 vim
657 4139 754 4207 lrabet
776 4141 1001 4224 ,‚tantum“.

299 4241 359 4328 Ep.
375 4243 443 4329 VH,
458 4243 552 4324 5.11,
572 4262 622 4325 ‚oa
636 4248 761 4310 tontum
775 4242 930 4328 optabilia
945 4243 1038 4310 esse!
1072 4243 1132 4328 Ep.
1156 4239 1243 4325 VIII,
1259 4243 1289 4308 3.
1305 4243 1336 4325 5,
