3112 5070
614 338 805 458 ἰι

224 585 440 664 corrumpunt,
456 578 633 648 territantl’
655 579 757 646 fusius
780 579 821 644 de
842 579 904 645 hac
919 599 953 645 re
968 579 1146 664 disputavit
1162 578 1342 647 Gronovius
1441 626 1443 630 -

224 683 265 748 ad
291 684 368 749 Son.
390 702 421 747 ι.
445 703 475 765 q.
498 681 524 746 Ι.
547 681 649 766 praef.
672 702 703 766 p.
726 683 798 747 627.

220 850 223 857 .
284 773 433 871 '„ipsa“,
460 802 556 866 quum
586 805 657 850 eam
678 785 796 850 habeat
817 784 960 850 nativam
988 784 1064 869 vim,
1094 791 1128 849 ιι
1157 784 1279 867 aliquid
1301 785 1341 862 ab

224 887 340 954 ceteris
369 885 465 952 rebus
492 885 610 952 acriter·
637 893 802 964 secernat,
831 887 864 952 in
895 887 1041 953 oratione
1067 886 1196 970 obliqua
1222 879 1342 971 justum

224 989 347 1055 obtinet
368 988 486 1072 locum,
509 988 562 1054 ubi
585 1008 625 1053 ex
648 989 771 1055 duabus
794 988 934 1055 inductis
957 989 1104 1073 personis
1126 989 1230 1054 altera
1249 989 1342 1080 alteri

223 1092 395 1176 opponitur
430 1091 469 1156 K.
493 1090 655 1174 Reisigius
680 1090 817 1174 („Vlntlei
840 1093 907 1158 iiber
928 1090 979 1157 lot.
1002 1089 1169 1174 estanar
1204 1093 1224 1173 ἓ
1254 1090 1340 1175 223.)

224 1193 368 1260 Curtium
398 1193 477 1258 dicit
506 1206 680 1275 usurpasse
708 1193 833 1277 „ipse“,
869 1212 927 1277 pro
959 1188 1340 1277 pronominereflexivo.

307 1296 428 1361 Eadem
445 1295 569 1361 ratione
585 1316 605 1361 a
620 1297 747 1362 Seneca
761 1315 937 1379 pronomen
954 1295 1066 1379 „ipse“
1077 1292 1264 1365 ,adhibitum
1281 1302 1339 1359 est.

305 1399 346 1466 N.
361 1420 391 1481 q.
415 1397 472 1482 VI,
497 1402 524 1465 1.
543 1400 592 1480 10,
616 1406 807 1482 negantque,
831 1398 918 1482 ipsos
942 1409 1230 1464 ...accessuros
1254 1396 1293 1462 N.
1309 1415 1338 1478 q.

223 1500 280 1583 VI,
295 1504 325 1567 5.
344 1503 372 1582 1,
395 1500 535 1584 ,qnidam
549 1501 670 1584 liquere
686 1500 764 1584 ipsis
781 1548 832 1566 ...
849 1499 1016 1565 dixerunt!
1039 1501 1088 1565 De
1104 1500 1176 1565 ben.
1191 1499 1339 1580 IV,16.l,

223 1602 331 1682 ,iidem
355 1602 410 1668 isti
431 1602 569 1687 gratiam
593 1603 745 1670 referre
737 1569 1002 1686 rpsossaientun’
1046 1602 1105 1684 Ep.
1129 1603 1213 1683 XVI,
1234 1605 1263 1668 3.
1289 1604 1338 1684 10,

222 1711 267 1786 ,ut
290 1705 454 1785 mirentur,
478 1705 633 1789 aliquid
624 1725 713 1791 rpsos
736 1705 903 1770 amittere.²

307 1808 345 1873 Ιι
378 1808 521 1874 οιιιίοιι
554 1809 684 1891 obliqua
713 1810 850 1926 Seneca,
886 1816 921 1874 ιι
951 1807 1004 1891 qui
1039 1773 1147 1872 aliena
1171 1807 1338 1874 sententia

222 1909 415 1995 posthabita,
438 1931 530 1976 suam
553 1912 655 1995 primo
678 1911 770 1994 quasi
793 1911 863 1977 loco
884 1917 994 1994 ponat,
1021 1907 1134 1989 modis,
1158 1908 1275 1994 quod
1266 1930 1338 1994 upse

222 2012 298 2081 dicit
321 2019 353 2079 et
375 2011 459 2096 quod
482 2013 618 2079 alterum
644 2013 804 2080 dicentem
827 2012 913 2094 facit,
944 2032 1008 2078 non
1038 2010 1202 2079 discernit.
1246 2011 1338 2091 Quod

221 2114 349 2196 quidem
382 2114 668 2183 animadvertimus
695 2116 843 2201 plurimis
870 2115 968 2198 locis,
1002 2113 1116 2196 quihus
1146 2113 1270 2180 ratione
1297 2113 1336 2180 alr

220 2215 364 2299 legitimo
391 2236 451 2283 usu
481 2218 589 2283 aliena
618 2219 811 2284 indicativus
840 2216 1001 2283 adhibitus
1024 2223 1083 2282 est.
1128 2215 1180 2281 Ad
1202 2215 1338 2282 eandem

222 2318 375 2385 dictionis
399 2313 646 2406 indiligentiam,
670 2342 732 2406 qua
753 2324 868 2387 suaet
889 2319 998 2384 aliena
1012 2318 1149 2403 scriptor
1164 2318 1340 2402 confundit,

222 2420 427 2486 referendum
470 2433 536 2508 est,
580 2425 665 2507 quod
708 2441 927 2507 pronomen
971 2420 1337 2487 demonstrativum

218 2525 385 2608 ponitur
407 2544 479 2609 pro
503 2525 713 2592 reflexivo

304 2626 363 2710 Ep.
381 2627 418 2707 V,
433 2628 463 2693 5
479 2627 509 2710 8,
532 2634 664 2711 ,rogant
686 2635 721 2692 ut
742 2646 781 2691 ex
807 2631 895 2692 tanta
917 2623 991 2689 illos
1013 2623 1211 2694 volutatione
1234 2600 1336 2690 extra·

218 2728 298 2793 has'
333 2728 392 2811 Ep.
414 2728 499 2807 XVI,
522 2730 551 2794 3.
576 2731 626 2809 10,
649 2729 821 2809 ,·Oeterum
829 2733 897 2794 tarn
920 2724 1056 2809 improbi
1083 2728 1214 2809 tamque
1237 2726 1336 2811 obliti,

219 2848 281 2911 quo
304 2837 392 2910 eant,
416 2849 477 2912 quo
493 2831 567 2897 illos
590 2831 709 2914 singuli
732 2829 803 2894 dios
818 2828 955 2910 turbent,
977 2833 1012 2892 ut
1027 2827 1191 2911 mirentur,
1214 2828 1335 2912 aliquid

219 2931 307 3015 ipsos
330 2931 497 3001 amittere!

302 3032 405 3119 „Tol“
433 3042 463 3099 et
490 3036 608 3122 “quol“
638 3035 759 3119 aliquot
794 3032 875 3098 louis
907 3051 966 3116 pro
999 3032 1208 3099 substantivis
1244 3052 1335 3100 usur·

217 3145 345 3220 pantur.

303 3240 361 3324 Ep.
384 3240 440 3324 IV,
470 3243 500 3307 2.
523 3241 553 3320 8,
585 3246 642 3320 ,tot
672 3286 745 3307 ...
777 3236 931 3302 aderant!
965 3234 1047 3319 'Ep
1073 3236 1195 3317 XVIII,
1224 3238 1253 3304 5.
1283 3240 1334 3319 38,

219 3340 344 3424 ,ingens
375 3362 490 3426 agmen
527 3348 573 3407 tot
609 3361 647 3406 ac
679 3340 811 3405 talium!
868 3339 928 3421 Ep.
959 3339 990 3418 2,
1018 3340 1048 3404 3.
1085 3341 1134 3420 ll,
1167 3359 1250 3424 ,oum
1279 3339 1334 3405 ad-

218 3442 371 3527 spexeris,
394 3452 470 3527 quot
485 3451 516 3510 te
532 3442 734 3526 antecedant,
756 3442 871 3524 cogita,
896 3449 972 3524 quot
996 3449 1028 3508 te
1051 3443 1244 3525 sequantur)
1272 3443 1333 3526 Ep.

217 3545 273 3627 IX,
294 3548 324 3611 2.
347 3548 377 3626 3,
407 3546 521 3625 ,Adice
544 3565 638 3629 nunc,
667 3543 751 3627 quod
773 3563 868 3609 nerno
891 3563 1000 3609 eorum
1023 3593 1031 3610 .
1055 3592 1062 3610 .
1086 3592 1093 3609 .
1117 3551 1193 3627 quot
1214 3544 1333 3623 vincat,

217 3647 274 3714 sed
297 3649 452 3730 aquibus
474 3649 630 3729 vincatur,
652 3645 810 3731 adspicit!
1124 3711 1125 3716 ,

299 3750 450 3834 Vulgaris
492 3749 640 3816 dictionis
680 3747 855 3816 similitudo
891 3747 1051 3830 quaedam
1087 3748 1228 3814 cernitur
1262 3764 1331 3834 pro·

216 3851 356 3918 nominis
386 3851 554 3938 „quidam‘
583 3851 685 3917 effusa
703 3851 917 3935 usurpatione.
948 3848 1076 3919 Etenim
1099 3851 1153 3932 qui
1168 3851 1331 3917 homiuem

216 3964 272 4021 aut
293 3974 370 4036 rem,
399 3955 439 4020 de
463 3973 525 4036 qua
547 3955 709 4021 locuturus
732 3962 791 4033 est,
819 3952 962 4038 pluribus
985 3952 1155 4035 designare
1182 3962 1238 4020 aut
1267 3975 1331 4021 non
1437 4004 1439 4010 -

216 4056 284 4122 vult
306 4063 362 4123 aut
382 4056 502 4140 nequit,
527 4056 692 4122 commoda
714 4055 868 4140 facilique
890 4054 1089 4138 pronominis
1113 4056 1331 4141 appellatione

216 4164 265 4223 est
288 4165 467 4225 contentus.
512 4157 592 4223 inde
616 4157 733 4241 evenit,
756 4156 844 4224 utin
868 4177 1016 4223 sermone
1038 4157 1205 4226 hominum
1221 4162 1331 4244 vulga-

216 4258 296 4324 rium
319 4258 471 4344 pedestri,
494 4258 606 4342 quibus
628 4259 807 4325 verba'nec
828 4267 956 4343 praesto
980 4261 1054 4340 sint,
1082 4279 1142 4328 nec
1158 4262 1273 4330 <statim
1295 4262 1327 4328 in
