3112 5070
748 413 791 481 as

217 601 398 687 splendida,
435 601 553 685 quippe
581 599 662 684 quae
696 601 802 685 magis
832 601 988 685 placeret,
1024 592 1121 683 qnam
1151 601 1258 668 sobria
1292 618 1330 665 ac

216 703 362 769 modesta
386 703 632 786 argumentatio,
661 702 841 768 illustravit.
891 694 1056 788 Imagines
1086 709 1193 771 autem
1215 698 1331 787 poetae

217 805 356 890 quidem,
379 804 444 886 qui,
468 827 530 872 non
560 805 661 878 nimia
687 804 956 880 immoderatione
983 805 1104 889 elatus,
1128 804 1256 870 modum
1279 824 1331 869 ex·

217 908 316 988 cedit,
340 927 520 974 sermonem
548 908 721 991 floridum,
737 901 920 992 philosophi
949 927 1026 973 vero
1060 914 1251 991 argumenta
1278 926 1330 972 su·

218 1016 330 1093 specta
360 1009 506 1076 reddunt.
558 1011 754 1094 Quocunque
776 1011 860 1076 enirn
892 1009 1187 1094 im-agine‘utimur,
1223 1009 1341 1091 utique·

217 1112 277 1181 hoo
300 1119 349 1177 est
371 1113 559 1196 periculum,
582 1135 623 1179 ne
639 1112 899 1193 similitudinem,
929 1113 1057 1197 longius
1080 1111 1268 1196 productam
1290 1111 1332 1175 sd

218 1233 269 1284 res
287 1213 376 1282 inter
407 1235 442 1281 se
465 1214 611 1282 diversas
639 1215 883 1282 transferamus.
928 1213 1240 1296 Quamobrem.:÷fieri
1268 1234 1332 1279 uon

219 1323 334 1400 potest,
357 1317 432 1399 quin
458 1318 496 1383 ab
518 1317 591 1384 hoc
607 1317 767 1386 scribendi
789 1336 909 1402 genere
925 1336 1056 1384 corusco
1081 1323 1114 1401 et
1135 1316 1175 1380 ah
1189 1314 1332 1382 flosculis

220 1417 363 1487 studiose
387 1421 586 1503 conquisitis,
609 1435 744 1503 quorum
764 1419 875 1505 lepida
896 1419 1037 1487 novitate
1054 1438 1149 1487 autres
1164 1416 1333 1496 titillantur

218 1521 370 1604 aciesque
392 1522 553 1588 oculorum
582 1523 839 1608 praestringitur,
856 1522 983 1590 taedio
1012 1527 1205 1586 avertamur.
1259 1520 1333 1585 Jam

219 1641 259 1687 ex
287 1622 457 1690 immodica
486 1625 729 1692 translationum
753 1627 878 1692 luxuria
900 1624 1048 1709 exempla
1074 1641 1166 1707 quan
1168 1627 1244 1687 tum
1264 1620 1334 1686 fieri

218 1731 334 1808 potest,
358 1725 503 1793 ordinate
526 1725 744 1813 proferamus:
980 1786 983 1792 ⁴

303 1828 443 1894 Variis
466 1849 511 1895 ex
527 1829 774 1897 animalibus
789 1833 910 1917 petitae
925 1777 1229 1898 similitudincshae
1245 1833 1333 1894 sunt.

123 1928 125 1932 ’
218 1931 277 2016 Ep.
300 1931 387 2014 XIV,
409 1934 448 1996 2.
461 1933 505 2011 4,
514 1952 590 2012 ,non
613 1934 779 2017 praecedit
800 1942 946 2001 armenta
968 1934 1110 2020 degener
1132 1938 1281 1996 taurus.

220 2032 466 2116 elephantorum
480 2054 613 2119 gregem
630 2036 868 2103 excelsissimus
885 2037 981 2104 ducit.
1009 2036 1096 2102 Inter
1111 2031 1323 2099 homines..

222 2134 281 2219 Ep
304 2134 372 2216 XV,
395 2138 425 2201 2.
445 2139 498 2219 41,
527 2138 661 2218 ,minuta
688 2138 847 2223 quaedam
876 2138 1046 2218 animalia,
1078 2157 1149 2203 oum
1180 2133 1335 2213 mordent

220 2258 284 2305 non
308 2238 450 2305 sentiunt
437 2247 496 2306 tur
536 2242 758 2307 Homines..
783 2241 890 2325 ‚l.llp
906 2241 983 2320 X,V
1007 2243 1035 2306 3.
1057 2241 1108 2315 41,
1136 2235 1335 2321 ,hereditatis

221 2360 320 2408 causa
347 2340 439 2424 facit3
483 2342 589 2408 vultur
622 2351 680 2424 est,
719 2291 858 2409 nadaver
888 2343 1098 2428 exspectati¹
1122 2338 1244 2407 Similis
1287 2346 1337 2404 est

219 2443 409 2513 similitudo:
439 2440 490 2509 De
515 2445 585 2511 ben.
614 2447 668 2527 lV,
698 2449 801 2527 203,
830 2446 1003 2534 ,ingratum
1032 2463 1122 2523 voco,
1151 2441 1205 2524 qui
1238 2458 1335 2524 aegro

220 2544 357 2625 adsedit,
390 2546 464 2629 quia
490 2551 718 2615 testamentum
749 2548 892 2614 facturus
915 2555 966 2614 est
994 2597 1001 2614 .
1026 2596 1033 2611 .
1056 2599 1063 2612 .
1085 2553 1121 2613 ut
1141 2564 1230 2624 aves,
1253 2549 1336 2626 quae

220 2647 417 2715 laceratione
455 2669 621 2734 corporum
651 2638 801 2735 aluntur,
832 2651 922 2717 lassa
949 2650 1063 2716 morbo.
1084 2665 1204 2733 pecora·
1227 2653 1334 2711 etun

221 2768 316 2816 surae
338 2752 483 2834 proximo
513 2754 729 2839 speculantur,
745 2754 805 2820 ita
833 2752 890 2819 hic.
911 2751 1057 2818 imminet
1079 2751 1231 2820 mortiet
1252 2750 1337 2817 circa

221 2851 360 2920 cadaver
382 2852 500 2918 volat.
524 2854 685 2920 0.24
666 2855 725 2940 Ερ.
748 2858 785 2941 V,
810 2857 836 2923 1
857 2858 888 2937 4,
911 2855 1001 2937 ΧΙΙΙ,
1024 2855 1053 2921 3.
1076 2856 1109 2937 6,
1130 2852 1220 2966 XIII,
1240 2854 1336 2933 216,

221 2903 601 3037 1026412126.
1227 3008 1229 3013 .

305 3057 411 3140 Saepe
425 3057 573 3124 herbae
595 3060 835 3143 arboresque
858 3079 930 3125 oum
943 3059 1091 3126 humanis
1103 2996 1336 3126 conditionibus

221 3160 456 3243 comparantur.
508 3160 568 3245 Ep.
591 3163 658 3245 XV,
688 3164 719 3229 3.
741 3162 792 3243 59,
823 3162 1100 3247 ,quemadmodum
1130 3161 1210 3229 folia
1231 3161 1335 3229 virere

133 3277 136 3283 ·
220 3280 278 3345 per
308 3280 343 3327 se
367 3280 430 3327 non
463 3271 609 3346 possunt,
638 3281 761 3329 ramum
792 3262 989 3348 desiderant,
1018 3264 1069 3330 oui
1097 3312 1170 3329 ...
1200 3263 1248 3329 sio
1273 3262 1337 3329 ista

220 3369 395 3447 praecepta
410 3412 418 3427 .
435 3366 472 3429 ,.’
502 3365 552 3431 Dc
567 3365 625 3432 vit:
646 3366 775 3431 heatb.
790 3367 821 3446 2,
845 3365 939 3442 ‚siout
960 3365 993 3431 in
1016 3383 1101 3446 arvo,
1124 3363 1210 3448 quod
1232 3366 1336 3448 segeti

222 3464 418 3549 proscissum
442 3473 491 3532 est
513 3517 520 3532 .
545 3516 552 3528 .
576 3515 584 3532 .
607 3467 709 3533 sicet
729 3467 879 3553 voluptas
899 3519 907 3534 .
930 3469 981 3534 .·.'
1020 3469 1076 3534 Dc
1090 3469 1162 3538 heu.
1183 3471 1226 3551 ΙΙ,
1243 3471 1336 3542 11.4‚

225 3569 336 3652 ,multa
358 3587 435 3633 cura
456 3575 528 3634 sata
549 3568 766 3653 perducuntur
781 3570 822 3636 ad
842 3577 996 3654 segetem,
1019 3620 1027 3637 .
1050 3620 1059 3639 .
1082 3621 1090 3637 .
1113 3571 1227 3638 cadem
1242 3571 1336 3639 bene·

225 3669 368 3737 liciorum
383 3669 536 3738 condicio
559 3673 630 3750 est'
671 3671 758 3738 Dial.
774 3674 802 3754 I,
818 3673 872 3738 IV.
890 3675 939 3755 16,
963 3672 1048 3757 ,quid
1070 3673 1206 3756 miraris,
1237 3675 1337 3749 honos

225 3773 321 3857 viros,
350 3782 385 3839 ut
410 3773 647 3858 confirmentur,
676 3773 823 3855 concuti?
857 3795 921 3840 non
950 3782 999 3842 est
1029 3775 1123 3842 arbor
1150 3776 1255 3843 solida
1277 3796 1337 3848 nec

215 3876 334 3956 tortis,
367 3875 457 3941 nisi
477 3875 615 3959 inquam
638 3875 788 3959 frequens
825 3877 940 3944 uentus
979 3878 1140 3946 incursat.
1174 3879 1247 3945 02
1276 3877 1337 3962 Ep.

224 3974 1238 4063 1113631092114104161216111-,36
1286 3979 1337 4044 De

216 4081 317 4148 clem.
340 4081 383 4161 ΙΙ,
397 4079 435 4144 V.
458 4081 487 4144 4.
925 4133 927 4138 .
1132 4128 1136 4141 ,

307 4183 369 4249 Vix
390 4181 490 4247 ullum
513 4181 720 4266 metaphorae
735 4201 839 4267 genus
842 4114 1052 4268 frequentius
1066 4134 1126 4265 cst,
1140 4202 1236 4267 quam
1251 4183 1337 4267 quod

226 4306 301 4351 ex
298 4283 495 4370 corporis
531 4283 709 4351 morbis
708 4285 925 4370 desumptum
947 4285 990 4354 ad
1021 4285 1120 4352 animi
1148 4283 1337 4352 affectiones
