3112 5070
662 339 664 352 2
753 339 797 417 31,

220 526 271 592 De
288 525 374 594 brev.
393 526 449 594 vit.
472 527 499 592 7.
524 527 574 611 10,
597 541 670 607 ,uon
694 533 744 592 est
766 524 884 609 itaque,
898 525 983 608 quod
998 545 1189 610 quemquam
1206 532 1335 610 propter

220 648 319 694 canos
341 637 397 694 aut
408 648 505 720 rugas
527 637 620 714 putes
633 628 686 694 diu
699 627 827 694 vixisse.
855 628 939 708 Quid
951 628 1048 712 euim,
1060 627 1187 693 siillum
1200 628 1333 699 multum

221 738 315 816 putes
338 732 521 815 navigasse,
545 751 637 816 quem
660 746 762 820 saeva
782 737 958 814 tempestas
981 782 989 799 .
1009 777 1018 797 .
1040 732 1059 797 .’
1104 731 1162 814 Ep.
1186 730 1289 811 111,2.
1305 731 1335 812 8,

220 835 330 914 ,ceteri
353 853 462 899 eorum
485 854 584 915 more,
606 852 688 917 quae
703 819 887 915 fluminibus
910 834 1067 916 Innatant,
1090 852 1154 900 uon
1178 841 1255 899 eunt
1276 832 1335 899 sed

219 936 375 1019 teruntur,
411 957 451 1002 on
484 937 597 1019 quibus
624 935 690 1001 aliu
726 935 828 1001 lenior
866 933 953 1000 unda
983 934 1121 1001 detinuit
1145 956 1184 1001 ao
1205 936 1335 1002 mollius

221 1038 314 1122 vexit,
337 1039 404 1103 alla
426 1090 434 1106 .
457 1090 465 1106 .
490 1091 496 1104 .
520 1038 626 1123 rapuit
647 1089 654 1106 .
716 1027 789 1102 ¹alia
807 1090 813 1103 .
886 1037 1044 1122 deposuit,
1064 1036 1154 1111 alia,
1170 1089 1177 1104 .
1194 1091 1200 1103 .
1224 1037 1336 1122 ejecit!

222 1135 1335 1226 ef.np.1·1,7.1‚111,7.u,xv,3.u,1)eucn.11,4.8‚1,10.1.

303 1244 428 1327 Agmen
452 1244 603 1309 claudant
616 1240 843 1307 translationes
858 1243 978 1325 petitae
999 1263 1044 1308 ex
1067 1241 1173 1308 ludis
1196 1243 1334 1308 rebus·

218 1344 360 1428 quoad
384 1343 829 1430 artemgymuasticam
859 1352 897 1408 et
925 1346 1103 1429 corporis
1132 1346 1335 1415 exercitia

219 1447 516 1530 spectantibus:
540 1446 598 1531 ldp.
621 1446 742 1527 XVIII,
765 1448 795 1510 3.
821 1448 870 1526 11,
902 1446 1102 1529 ,latrunculis
1125 1446 1277 1530 ludimus3
1301 1447 1332 1512 in

218 1548 427 1635 superuacuis
450 1548 610 1624 subtilitas
634 1547 765 1614 teritur.’
812 1547 872 1631 Ep.
895 1548 979 1628 XVI,
1001 1550 1031 1617 3.
1055 1551 1084 1630 8,
1107 1600 1135 1631 ,.
1151 1599 1159 1617 .
1176 1601 1182 1616 .
1198 1551 1333 1635 petauri,

218 1669 280 1732 quo
304 1650 449 1716 ⁴humana
475 1650 660 1736 jactantur)
708 1650 758 1716 De
788 1653 872 1718 trev.
896 1651 950 1741 vit.
973 1653 1002 1717 9.
1024 1653 1056 1733 4,
1079 1671 1153 1732 ,non
1176 1652 1209 1718 in
1240 1673 1335 1719 cursu

218 1761 341 1819 tantum
363 1753 501 1836 circique
524 1754 699 1827 certamine
722 1753 779 1820 sed
806 1755 839 1819 in
868 1752 919 1818 his
941 1753 1055 1838 spatiis
1079 1754 1165 1820 ritae
1187 1755 1334 1822 Interitus

218 1855 396 1921 flectendus
419 1858 489 1930 ast?
535 1856 585 1921 De
608 1857 678 1923 ben.
701 1859 745 1938 II,
771 1859 819 1922 17.
840 1858 872 1938 4,
909 1853 1073 1937 ,audacius
1095 1855 1195 1940 pilam
1232 1858 1333 1928 mitte-

218 1977 288 2024 mus
312 2010 320 2025 .
344 2009 351 2023 .
375 2010 382 2027 .
407 1958 529 2024 sicum
552 1959 653 2026 tirone
677 1966 709 2025 et
730 1959 858 2026 indocto
883 2008 891 2024 .
913 2007 922 2025 .
946 2009 953 2024 .
979 1957 1064 2047 idem
1085 1958 1270 2025 faciendum
1284 1968 1334 2041 est

218 2061 250 2125 in
274 2061 459 2127 beneficiis)
505 2060 554 2126 De
579 2061 650 2128 beu.
673 2060 710 2154 ll,
734 2063 763 2127 3.
788 2063 816 2141 l,
839 2059 1094 2142 ,Lacedaemonii
1116 2067 1228 2127 vetant
1258 2081 1333 2134 suos

217 2162 385 2246 pancratio
407 2170 463 2228 aut
484 2173 574 2229 cestu
596 2161 770 2229 decernere
793 2214 801 2230 .
825 2213 833 2231 .
856 2213 864 2231 .
887 2163 956 2228 Hoc
980 2212 987 2228 .
1010 2209 1018 2229 .
1041 2214 1049 2229 .
1072 2162 1235 2241 virtusne
1250 2165 1334 2230 loona

218 2264 368 2331 uoluntas
391 2266 539 2331 omnibus
561 2267 724 2350 praestat?
783 2266 833 2331 De
856 2266 926 2332 ben.
948 2267 986 2346 V,
1009 2267 1038 2331 8.
1060 2267 1091 2346 4,
1128 2266 1234 2346 ,Utin
1257 2267 1333 2332 orbe

217 2388 255 2433 ao
276 2367 342 2452 pilo
364 2418 371 2433 .
395 2416 402 2432 .
426 2418 434 2436 .
458 2369 503 2434 ita
532 2365 754 2446 inhomine.
778 2417 785 2435 .
809 2369 827 2435 .'
884 2366 936 2431 Da
966 2367 1058 2434 olem.
1080 2370 1107 2451 I,
1139 2371 1165 2434 1.
1191 2370 1220 2454 7,
1257 2370 1332 2447 ,lia
1407 2443 1409 2447 ,

217 2490 313 2555 gnam
336 2471 446 2538 adibat
468 2471 573 2536 aleam
595 2469 733 2554 populus
755 2469 929 2549 Romanus,
961 2488 1032 2534 oum
1055 2469 1209 2537 incertum
1233 2479 1331 2550 esset,

217 2591 279 2654 quo
308 2592 344 2637 se
369 2573 432 2638 ista
464 2582 519 2639 tua
545 2572 661 2639 nobilis
684 2571 809 2637 indoles
832 2570 943 2636 darer:
987 2571 1037 2636 De
1059 2571 1114 2637 vit.
1130 2573 1212 2640 beat.
1238 2575 1286 2640 15.
1302 2576 1332 2657 6,

217 2674 493 2757 ,quemadmodum
527 2694 645 2762 corpus
681 2675 713 2739 in
746 2673 882 2758 prosilui
911 2672 1041 2739 retineri
1074 2674 1185 2756 dehet,
1219 2675 1331 2753 adver-

218 2795 274 2856 sus
295 2775 397 2842 ardua
418 2778 553 2864 impelli,
577 2779 623 2844 ita
645 2775 802 2861 quaedam
826 2775 960 2843 virtutes
984 2827 992 2844 .
1015 2825 1024 2842 .
1046 2777 1064 2842 .’
1383 2765 1384 2769 “

301 2879 352 2946 Ad
374 2881 513 2948 auctoris
536 2880 769 2952 tantularum
791 2879 917 2967 euplum
943 2879 1107 2947 transituri
1130 2898 1168 2954 eo
1192 2880 1331 2945 contine-

218 3002 305 3064 mur,
339 2990 373 3048 nt
412 2984 543 3063 brevem
587 3003 712 3062 vocum,
754 3001 836 3066 quae
876 2982 962 3066 apud
1004 2983 1162 3049 Senecam
1204 3002 1331 3067 compa-

216 3094 289 3151 rent
309 3085 508 3169 noviciae,
531 3085 670 3164 indicem
685 3103 909 3170 proponamus.
927 3121 932 3130 ·
953 3084 1106 3151 Nouicius
1129 3092 1238 3165 autem
1259 3085 1333 3152 dico

217 3207 281 3254 non
304 3195 473 3272 questum
496 3186 625 3253 demum
646 3179 835 3273 provenisse
864 3185 962 3254 velim
984 3186 1161 3253 exintimari
1184 3188 1244 3260 sed-
1264 3207 1333 3271 aas,

217 3309 351 3372 quarum
374 3290 467 3356 testis
490 3296 589 3374 atque
611 3297 723 3357 auctor
745 3290 869 3356 Seneca
890 3303 973 3354 unus
995 3308 1069 3356 esse
1089 3288 1244 3356 videatur.
1290 3290 1332 3355 lit

216 3412 289 3457 eum
304 3392 431 3476 quidem
444 3390 592 3459 ⁴ordinem
615 3391 830 3474 iustituamus,
853 3397 1030 3476 uigenera,
1053 3389 1114 3456 hoc
1129 3399 1185 3473 est,
1201 3391 1333 3473 nomina

216 3533 258 3543 -
283 3494 335 3561 vel
358 3494 558 3562 substantiva
579 3494 631 3562 vel
647 3492 806 3580 adjectiva
828 3531 871 3540 -
891 3493 1001 3573 verta,
1024 3491 1178 3558 adverbia
1202 3511 1330 3578 separe-
1358 3564 1362 3569 ,⁴

220 3618 303 3681 murs,
326 3597 458 3665 vocibus
480 3616 537 3681 per
558 3594 801 3674 terminationes
825 3602 857 3661 et
878 3595 989 3661 literas
1011 3593 1157 3677 digestis.

592 3695 723 3775 llomlru
744 3695 966 3766 minustire.
1073 3717 1079 3731 ·

298 3822 435 3868 -men
457 3806 692 3877 -mentum
708 3797 807 3864 Deir.
824 3797 885 3883 III,
899 3799 929 3864 9.
938 3800 968 3880 2,
983 3797 1328 3880 ,concitamentum.’-

216 3908 272 3984 (τε
292 3903 559 3986 incitamentum.)
582 3900 688 3981 ,lituos
705 3908 744 3967 -et
766 3900 860 3966 tubas
881 3899 1115 3981 concitamenta
1135 3919 1219 3982 osse,
1242 3900 1327 3967 sicut

215 4005 371 4091 quosdam
392 4012 506 4071 cantus
528 4001 765 4068 blandimenta!

300 4110 360 4193 Ep.
375 4107 459 4187 XlV,
474 4109 504 4186 2.
520 4107 571 4187 28,
586 4103 820 4190 ,Initiamenta'
835 4140 875 4152 -—
891 4103 982 4184 ,haec
992 4103 1063 4189 ejus
1078 4101 1329 4188 (philosophae)

216 4196 417 4278 initiamenta
438 4209 526 4278 suut’
599 4230 603 4237 ·
