3112 5070
676 360 737 470 11v

138 592 324 659 descendat.
374 590 475 676 Cujus
514 591 649 676 ellipsis,
682 589 836 656 orationis
877 589 997 655 flumen
1036 589 1254 673 impedientia,

138 694 224 778 apud
247 694 402 760 Senecam
426 713 549 777 quoque
572 693 750 778 specimina
772 693 992 760 inveniuntur:

221 820 281 903 Ep.
304 818 374 902 XII,
389 821 419 886 3.
435 821 486 903 26,
510 819 604 902 ,Quid
621 824 721 904 ergo?
746 818 856 903 inquit,
880 812 1023 901 moriem,
1038 819 1169 887 vincula
1189 819 1255 884 alia

138 922 204 988 tela
219 921 366 987 fortunae
381 942 445 988 non
466 921 612 988 timebit?
635 906 717 989 lion.
735 921 796 988 scit
807 920 894 987 enim
909 971 916 985 .
933 925 951 987 .'
994 922 1033 987 N.
1050 942 1079 1005 q.
1094 922 1149 1002 III,
1161 924 1190 987 4.
1202 923 1254 1004 22,

139 1021 228 1106 ,quid
258 1027 359 1106 ergo?
395 1027 508 1091 humor
537 1023 681 1090 roscidus
705 1029 778 1090 est?
814 1023 896 1106 Nou,
935 1031 967 1088 ut
993 1023 1160 1089 existimo!
1205 1023 1255 1089 De

138 1124 210 1190 ben.
238 1125 276 1207 V,
301 1126 348 1190 19.
370 1126 400 1207 2,
424 1125 509 1209 ,quid
531 1131 632 1209 ergo?
655 1125 854 1209 ...accepit
875 1124 1088 1192 beneficium?
1111 1126 1192 1209 Non,
1209 1125 1255 1191 in·

139 1226 227 1310 quit!
273 1226 331 1291 De.
360 1227 396 1292 ir.
419 1227 444 1310 Ι,
469 1229 516 1292 16.
541 1230 570 1310 1,
598 1228 685 1311 ,quid
708 1232 813 1312 ergo?
845 1247 908 1292 nou
931 1226 1053 1293 irascar
1084 1227 1254 1294 venefico?

137 1328 229 1395 Non’
273 1328 332 1394 De.
350 1329 458 1412 boul,
479 1330 577 1412 2114,
599 1328 754 1413 ,Oderint
778 1329 878 1412 quid?
901 1328 975 1393 dum
991 1334 1149 1414 pareant?
1171 1330 1253 1395 Nou.

139 1429 213 1496 duur
229 1430 389 1515 probent?
405 1431 486 1496 Nou.
504 1430 581 1515 quid
597 1437 696 1515 ergo?
719 1432 793 1497 dum
810 1432 962 1498 timeant?

222 1551 334 1634 Neque
342 1552 531 1634 vero„uon“
539 1552 972 1635 lectionemgenuinamesse
980 1571 1097 1619 censeo
1105 1551 1256 1620 hocloco:

223 1671 283 1735 De.
295 1668 367 1738 beu.
380 1670 453 1755 VII,
468 1672 515 1738 19.
536 1674 566 1754 4,
577 1670 669 1754 ,Tale
681 1671 784 1754 inquit
794 1672 841 1737 illi
854 1672 1045 1738 beneficium
1058 1671 1155 1756 quale
1169 1691 1256 1739 acce

139 1774 215 1858 pisti
227 1793 291 1839 non
303 1780 396 1858 potes
408 1771 555 1857 reddere3
567 1773 721 1858 accepisti
734 1774 819 1840 enim
830 1795 850 1840 a
862 1776 1018 1859 sapiente,
1031 1772 1252 1854 stultoreddis,

139 1879 221 1945 Non.
237 1876 337 1943 reddo
352 1875 410 1957 illi,
426 1875 523 1961 quale
536 1894 621 1940 nunc
636 1882 743 1960 potest
753 1877 919 1962 accipere!
935 1878 1084 1943 --Hunc
1100 1875 1203 1942 locum
1215 1874 1257 1940 ad

140 1979 291 2063 colloquii
306 1979 407 2045 instar
422 1978 656 2044 conformatum
671 1997 744 2044 esse
759 1977 916 2047 videmus.
960 1979 1117 2047 Omnibus
1138 1985 1256 2061 autem,

142 2103 221 2167 quos
248 2090 286 2149 et
321 2080 416 2168 apud·
432 2081 591 2148 Senecam
624 2087 657 2146 et
689 2081 720 2145 in
745 2080 928 2147 Tursellino
948 2073 1109 2148 ‘collectos
1138 2076 1257 2160 inveni,

140 2186 236 2272 hujus
260 2184 346 2251 modi
369 2183 446 2249 locis
462 2181 617 2266 inspectis
640 2182 799 2266 particula
820 2229 839 2266 ‚,
863 2180 1065 2267 non“,·bunc
1080 2183 1112 2247 in
1129 2182 1257 2249 modum
1355 2223 1357 2226 >

140 2308 198 2374 per
220 2307 256 2355 se
277 2287 348 2354 sola
368 2285 485 2371 posita,
508 2285 697 2357 sententiae,
718 2305 801 2369 quae
823 2287 996 2368 antecedit,
1019 2287 1258 2362 contradicitur,

140 2391 209 2456 Hoc
231 2390 301 2456 loco
324 2388 357 2455 id
378 2386 464 2474 quod
487 2386 581 2454 modo
604 2385 722 2453 dictum
745 2393 803 2467 est,
827 2407 892 2453 non
914 2388 1079 2469 refutatur,
1103 2389 1162 2456 sed
1183 2410 1258 2456 con·

140 2492 272 2558 ceditur.
318 2489 460 2574 Accedit,
496 2488 581 2574 quod
619 2488 779 2556 sententia
814 2491 970 2579 longiore,
1009 2512 1071 2576 qua
1106 2492 1140 2557 id
1175 2491 1258 2576 quod

141 2594 325 2676 occurritur,
348 2593 564 2673 confirmatur,
588 2592 774 2676 interposita
789 2592 957 2678 (accepisti
978 2595 1063 2660 enim
1080 2645 1087 2660 .
1104 2643 1111 2662 .
1128 2596 1151 2680 .)
1174 2594 1259 2680 quod

141 2696 182 2764 ad
216 2696 346 2761 verbnm
380 2694 564 2777 negandum
596 2696 756 2780 particula
792 2695 962 2765 referenda
995 2697 1047 2780 sit,
1082 2717 1195 2781 parum
1224 2697 1258 2763 in

136 2799 249 2884 :aprico
260 2805 318 2865 est.
341 2798 451 2864 Haase
473 2797 586 2884 (index
598 2798 668 2865 lect.
681 2798 768 2865 Vrat.
783 2799 864 2866 1853
879 2821 906 2884 p.
916 2798 972 2884 VI)
981 2799 1141 2884 exposuit,
1149 2818 1257 2865 errore

110 2930 112 2935 ⁴
142 2903 260 2969 usitato
275 2899 370 2968 scribi
386 2901 513 2983 ,‚uunc“
528 2919 587 2983 pro
603 2903 711 2982 ‚‚n0n“
733 2908 766 2965 11
788 2920 897 2969 rursus
920 2904 1039 2985 „non“,
1063 2901 1116 2967 ubi
1133 2903 1259 2984 ‚,nnnc“

142 3003 345 3072 scribendum
369 3009 461 3068 esset.
505 3001 717 3080 Quamobrem
742 3003 929 3089 conjicimus
952 3025 1059 3088 „nunc
1080 3002 1178 3068 reddo
1201 3001 1259 3079 illi,

142 3107 237 3190 quale
258 3126 345 3170 nunc
370 3110 478 3189 potest
500 3104 677 3188 accipere.“
711 3103 856 3191 l„Nuuc‘·‘
879 3113 911 3171 ut
935 3126 1034 3190 saepe
1059 3105 1145 3189 apud
1177 3105 1258 3171 alios

143 3215 289 3275 auctores
312 3216 344 3275 et
371 3205 458 3290 apud
486 3207 777 3287 Senecam=„sub
811 3228 850 3273 ea
872 3207 1093 3275 condicione.“
1134 3206 1174 3272 ef.
1197 3207 1257 3290 Ep.

142 3311 242 3395 XVII,
262 3312 357 3394 1.14,
379 3308 417 3374 N.
434 3328 464 3391 q.
479 3308 549 3389 ts.
567 3310 616 3392 10,
637 3309 677 3375 N.
693 3329 722 3391 q.
746 3308 786 3393 ll,
807 3310 858 3375 55.
881 3312 926 3394 3.·]
971 3300 1061 3389 Quae
1077 3309 1258 3376 emendatio

135 3412 336 3498 probabilior
358 3410 485 3477 videtur
513 3409 676 3494 antithesi,
705 3412 788 3495 quod
817 3419 1040 3478 oruamentum
1068 3409 1257 3498 rhetoricum

143 3523 338 3600 quantopere
361 3513 483 3582 Seneca
505 3513 672 3595 amaverit,
696 3512 781 3578 infra
803 3512 1101 3582 demonstrabimus,

228 3643 354 3709 Seneca
375 3642 543 3708 verborum
565 3639 683 3705 flumen
707 3641 836 3725 saepius
858 3638 1092 3723 impeditum
1120 3637 1260 3704 reddidit

143 3745 312 3812 sententiis
347 3744 484 3810 orationi
513 3742 654 3826 insertis,
688 3743 812 3825 quibus,
850 3761 912 3824 quo
943 3741 1049 3806 acrius
1083 3730 1259 3824 legentium

143 3849 269 3914 animos
291 3844 438 3912 intendat
460 3852 554 3927 atque
577 3844 718 3930 graviter
740 3831 861 3928 aliquid
877 3841 1106 3908 enuntiandum
1120 3863 1256 3928 pronun·

145 3951 212 4032 1111,
245 3947 329 4032 quod
351 3946 493 4013 dicturus
515 3955 575 4026 est,
604 3953 659 4010 aut
683 3946 753 4030 ipse
774 3945 901 4029 quaerit
927 3951 982 4009 aut
1004 3945 1140 4010 alterum
1163 3965 1258 4028 quae·

145 4059 268 4117 rentem
295 4048 426 4117 inducit.
470 4050 541 4129 Quo
570 4046 705 4112 artificio
734 4045 892 4113 rhetorico
914 4055 1137 4117 ornamentum
1172 4046 1258 4112 haud

144 4151 353 4219 omittendum
377 4150 565 4218 continetur.
643 4226 645 4230 ,

131 4269 142 4338 ’.
227 4273 288 4363 Ep.
310 4272 368 4358 Ill,
399 4272 451 4344 26.
474 4271 504 4357 6,
541 4287 687 4355 ,quorsus
723 4267 805 4333 haec
840 4267 960 4336 retuli?
997 4277 1032 4334 11
1067 4272 1258 4354 1111111111.ἲ
