3112 5070
747 349 788 414 68

217 537 362 597 servatas
382 531 580 618 colligamus.
611 532 660 598 Ila
675 532 788 615 quibus
805 531 941 617 primum
959 542 1077 596 motem
1095 532 1240 598 Senecae
1260 552 1328 617 pro-

217 632 376 718 ponimus,
400 634 571 700 manifesto
594 633 740 718 plurimis
763 632 842 699 locis
865 640 952 699 certo
975 631 1107 698 consilio
1130 634 1331 718 cogitateque

217 735 376 818 iteratum,
412 754 505 801 usum
531 755 594 800 non
625 735 822 820 singularem
849 734 1055 801 fortuitumve
1080 735 1138 800 sed
1160 755 1201 800 ex
1222 734 1331 801 indole

79 910 80 914 Ἰ
217 835 378 902 rhetorica
400 836 591 918 ducendum,
631 857 692 920 quo
726 837 811 920 quod
839 835 971 920 gravius
994 834 1063 901 sive
1086 836 1243 923 praecipit
1264 837 1332 904 sive

218 938 368 1018 affirmat,
390 946 425 1005 ut
447 939 586 1023 legentis
609 939 750 1004 animum
772 938 814 1004 ad
838 936 1031 1004 sententiam
1053 940 1184 1025 propius
1207 940 1332 1007 intuen-

218 1039 291 1105 dam
315 1040 436 1124 incitet,
459 1048 557 1107 totam
581 1040 722 1125 aliquam
745 1041 927 1107 sententiae
951 1048 1074 1125 partem
1090 1042 1334 1128 comprehendit

218 1140 405 1225 pronomine
427 1142 691 1210 demonstrativo.
735 1142 936 1210 creberrime
951 1144 1033 1210 tales
1049 1143 1332 1210 senteutiaemou-

220 1251 371 1309 strautur-
393 1244 582 1329 pronomine
612 1244 733 1330 „lrlo“,
755 1245 849 1330 quod,
871 1255 968 1329 quum
990 1265 1043 1312 res
1065 1253 1253 1331 praesentes
1269 1246 1332 1329 sig-

220 1345 338 1429 nilicet,
360 1346 562 1430 potissimum
584 1348 725 1414 orationi
747 1348 848 1414 alacri
872 1353 1073 1432 vegetusque
1096 1347 1257 1413 convenit.

303 1447 361 1532 Ep.
385 1448 440 1528 IX,
462 1453 492 1515 2.
516 1452 545 1533 3,
582 1448 653 1533 ,hoo
689 1451 785 1516 habet
806 1450 919 1517 vitium
948 1450 1053 1517 amulo
1086 1450 1231 1516 ambitio:
1268 1469 1332 1515 non

220 1548 411 1633 respondet)
457 1553 516 1638 llp.
541 1555 563 1637 1,
585 1553 616 1627 5,
638 1554 668 1633 4,
692 1552 763 1632 ,hoo
785 1551 990 1638 philosophia
1011 1551 1179 1637 promittit:
1201 1571 1333 1618 sensum

221 1672 421 1720 communem
445 1703 452 1720 .
476 1704 483 1720 .
507 1658 525 1719 .’
590 1656 649 1740 Ep.
671 1655 756 1738 XVI,
779 1657 809 1720 4.
832 1657 862 1739 4,
899 1654 971 1736 ,lroc
999 1704 1006 1721 .
1038 1711 1046 1729 ,
1075 1703 1084 1722 .
1120 1654 1232 1720 hahet:
1268 1673 1332 1719 uon

220 1773 453 1838 supervacuum
491 1763 614 1822 tautum
652 1757 709 1823 scd
746 1757 891 1840 ingratus
924 1759 994 1823 est!
1054 1757 1113 1841 Ep.
1136 1754 1206 1836 XV,
1228 1758 1259 1821 2.
1282 1756 1334 1838 48,

221 1856 384 1938 ,dividitur
406 1859 438 1924 in
462 1858 558 1925 haec:
580 1857 749 1924 scientiam
771 1865 804 1924 et
817 1857 1073 1943 philosophiam!
1117 1858 1176 1943 Ilp.
1192 1856 1248 1940 lV,
1257 1859 1287 1923 3.
1303 1860 1334 1936 2,

220 1957 291 2042 ,hoo
313 1967 363 2026 est
384 1961 536 2046 salutare,
559 1982 623 2028 non
646 1960 850 2028 conversari?
893 1961 953 2044 Ep.
976 1961 1013 2043 V,
1035 1962 1065 2027 8.
1087 1962 1117 2040 9,
1142 1959 1212 2039 ,hoc
1234 1957 1335 2024 mani·

221 2058 434 2127 iustissimum
454 2069 512 2144 est,
536 2069 568 2128 ct
588 2062 762 2128 comminui
777 2071 818 2129 -et
838 2115 844 2128 .
867 2113 875 2128 .
900 2065 918 2130 .’
961 2063 1022 2147 Ep.
1046 2061 1115 2143 VII,
1137 2064 1167 2129 4.
1192 2063 1241 2144 18,
1264 2060 1335 2145 ,lroc

220 2162 505 2245 persuadere...
542 2165 685 2249 conaris,
721 2165 802 2231 nihil
839 2166 1015 2232 interesse:
1073 2165 1335 2251 1111116126,

221 2265 284 2348 ‚hio
306 2265 401 2333 decor
423 2276 483 2349 est,
505 2289 570 2335 non
594 2318 601 2335 .
687 2267 830 2352 adspici’
875 2269 931 2352 Ep.
954 2268 1023 2351 XV,
1044 2271 1074 2335 3.
1097 2270 1148 2349 67,
1183 2267 1253 2349 ,hoo
1276 2267 1334 2334 uti-

223 2366 289 2432 lius
308 2375 358 2434 est
466 2421 473 2437 .
510 2390 607 2438 nosse
630 2420 637 2436 .
661 2419 669 2436 .
692 2372 709 2435 .’
777 2369 824 2436 ct
849 2369 906 2455 Ep.
929 2371 1017 2452 Vlll,
1042 2374 1070 2436 1.
1092 2373 1124 2453 5,
1167 2367 1231 2453 IX,
1252 2371 1282 2436 4.
1304 2374 1334 2450 3,

188 2463 265 2555 11,
286 2474 317 2538 4.
342 2474 370 2559 1,
414 2473 472 2559 111,
494 2476 524 2540 4.
547 2473 577 2553 5,
621 2473 672 2539 De
701 2473 901 2552 ben.VI,5.
926 2476 953 2537 1.
1011 2473 1069 2557 Ep.
1091 2472 1210 2556 XVIII,
1231 2473 1262 2539 5.
1286 2473 1336 2554 11,

222 2572 293 2657 ,hoo
315 2575 520 2661 praecipitur,
542 2585 578 2643 ut
598 2626 605 2643 .
629 2628 636 2643 .
661 2578 678 2642 .’
737 2575 793 2659 Ep.
817 2575 871 2656 IV,
893 2576 922 2641 6.
944 2576 975 2654 4,
1004 2573 1074 2658 ,hoc
1097 2594 1183 2655 eura,
1206 2580 1241 2639 ut
1262 2594 1336 2640 oon-

223 2680 350 2741 stes..
374 2679 391 2741 .'
424 2678 482 2763 Ep.
505 2682 546 2759 II,
563 2679 592 2745 8.
609 2682 639 2752 2,
661 2677 732 2762 ,hoo
754 2677 862 2761 exigit,
885 2679 1000 2743 ut...’
1027 2675 1075 2741 Ol.
1091 2677 1148 2762 Ilp.
1170 2677 1238 2751 XV,
1256 2677 1284 2742 1.
1308 2677 1336 2760 l,

224 2780 262 2853 V,
284 2781 312 2844 3.
335 2779 365 2844 6.
423 2780 484 2864 Ep.
506 2781 545 2863 V,
570 2782 598 2846 7.
622 2782 652 2860 4,
676 2779 746 2860 ,hoo
769 2830 777 2846 .
800 2829 808 2846 .
832 2835 840 2853 ,
863 2778 1006 2863 praecipi
1036 2777 1131 2861 mulo,
1164 2777 1336 2860 quid...

223 2879 377 2949 debeam!
422 2881 471 2948 cf.
494 2882 555 2967 Ep.
571 2882 625 2963 VI,
641 2886 667 2950 1.
683 2885 714 2966 5,
737 2885 827 2962 VI,6.
836 2884 888 2963 27,
910 2882 962 2964 VI,
971 2883 999 2947 6.
1010 2882 1060 2947 33.
1104 2879 1295 2963 unxina.
1306 2882 1336 2964 2,

224 2983 294 3062 ,hoe
316 2982 349 3046 iu
372 2983 429 3048 illa
450 2983 626 3068 pretiosum
649 2992 708 3067 est,
731 2985 814 3067 quod
838 3031 846 3048 .
870 3033 877 3050 .
900 2985 917 3046 .’

309 3085 485 3152 Sententiis
508 3087 658 3154 finalibus
682 3086 887 3171 anteponitur
916 3084 966 3171 „ln
988 3084 1068 3154 hot“
1097 3085 1151 3159 ita,
1181 3093 1215 3151 ut
1236 3085 1337 3152 notio-

224 3207 297 3253 nem
319 3187 497 3272 particulae
519 3188 637 3272 „ideo“
659 3189 785 3255 habeat.

308 3290 367 3374 Ep.
390 3291 415 3373 1,
448 3292 477 3358 6.
500 3294 531 3374 6,
564 3292 607 3375 ,in
640 3292 701 3358 hoc
730 3310 872 3371 accerso,
905 3293 941 3357 ut
972 3289 1140 3375 proficias*
1196 3288 1245 3357 of.
1278 3289 1337 3373 Ep.

224 3391 249 3472 1,
272 3394 301 3457 6.
324 3395 354 3475 4,
377 3394 416 3476 ll,
439 3395 467 3459 4.
490 3397 520 3477 3,
544 3393 600 3477 lIl,
623 3398 654 3461 3.
676 3395 706 3477 9,
728 3393 813 3475 XIV,
835 3396 865 3459 4.
889 3395 940 3473 30,
969 3392 1007 3458 N.
1029 3383 1059 3474 q.
1080 3393 1123 3476 11,
1146 3390 1194 3458 32.
1215 3394 1245 3474 3,
1288 3392 1339 3456 De

225 3493 499 3580 mfflffia

309 3600 502 3666 Pronomine
518 3598 626 3684 „illu“,
649 3616 712 3682 quo
728 3617 781 3663 res
797 3599 947 3663 absentes
963 3604 1189 3670 monstrantur,
1213 3598 1340 3664 Seneca

225 3699 347 3782 aliquid
370 3702 445 3766 novi
468 3702 665 3787 pronuntiat:

308 3803 368 3886 Ep.
397 3803 460 3884 III,
492 3806 518 3869 1.
547 3806 577 3882 3,
605 3802 694 3886 ,illud
722 3801 880 3882 existimo,
910 3802 975 3868 leui
1004 3801 1143 3868 eundum
1170 3803 1244 3868 via'
1289 3802 1338 3869 Of.

225 3907 285 3991 Ep.
313 3906 426 3986 111,8.
456 3908 487 3988 2,
515 3904 702 3987 111,3.12,
732 3903 802 3982 VIl,
827 3906 855 3970 7.
877 3906 907 3988 6,
929 3903 1014 3987 VIII,
1036 3906 1065 3970 2.
1088 3906 1140 3987 26,
1170 3905 1206 3985 V,
1238 3907 1284 3970 10.
1308 3904 1338 3980 5.

225 4009 309 4093 XVI,
331 4009 361 4073 4.
385 4012 435 4089 29,
456 4008 539 4091 XVI,
561 4008 591 4074 5.
614 4009 644 4090 2,
668 4007 718 4072 De
740 4006 791 4072 vit.
816 4008 897 4072 best
923 4008 972 4072 13.
994 4009 1024 4090 2,
1053 4007 1104 4071 De
1129 4007 1164 4072 ir.
1188 4007 1213 4090 1,
1235 4008 1285 4072 20.
1308 4008 1338 4072 2.

226 4112 479 4196 1161111624,
503 4110 601 4192 illud,
624 4129 665 4174 ue
688 4108 839 4192 timearis,
863 4109 1058 4193 praestabit?
1100 4110 1160 4193 Ep.
1177 4107 1248 4190 VII,
1266 4109 1293 4173 1.
1308 4110 1339 4190 4,

227 4213 316 4295 ,illud
341 4213 409 4279 lieri
432 4230 567 4280 necesse
589 4219 650 4297 est,
669 4217 704 4276 ut
725 4258 733 4277 .
756 4256 764 4274 .
787 4208 803 4277 .'
829 4210 878 4277 61.
900 4211 959 4297 Ep.
985 4211 1056 4296 Vll,
1081 4216 1107 4277 1.
1133 4214 1163 4293 1,
1187 4210 1242 4291 111,
1267 4210 1293 4276 1.
1309 4212 1340 4293 6,
