3112 5070
744 365 784 430 us

215 547 276 631 Ep.
299 546 419 628 XVIII,
447 548 477 614 5.
506 551 534 627 1,
564 547 652 630 ,ilino
682 548 831 630 seiebam,
862 547 1129 641 quemadmodum
1160 593 1198 614 ..
1225 548 1240 615 .’
1278 548 1331 616 (tf.

215 650 274 735 Ep.
297 649 334 731 V,
357 653 387 717 6.
412 652 461 734 14,
484 651 525 734 N,
547 671 576 735 q.
598 653 623 731 Ι,
649 653 676 717 1.
698 649 729 716 ὅ.

299 752 393 833 Quod
428 752 569 819 Hessius
607 751 660 838 (K.
683 751 827 836 Reisig’s
862 754 970 837 Vinsiei.
1004 755 1084 821 iiber.
1104 754 1154 821 lot.
1184 754 1331 837 &ptumus

216 855 302 922 Vtrum.
330 855 418 941 367.)
457 855 517 921 hoe
542 854 586 920 de
612 876 672 923 usu
703 854 914 941 asseverat,*)
940 876 1005 922 non
1041 856 1189 940 usurpari
1219 854 1332 922 eudem

217 956 341 1022 ratione
356 976 532 1041 pronomen
556 957 625 1043 „Is“
648 963 703 1044 ita,
725 966 760 1026 ut
774 957 816 1024 ad
831 959 874 1039 id,
896 958 979 1043 qnod
994 959 1148 1042 sequitur,
1163 957 1333 1042 pertineat,

216 1078 279 1124 non
302 1058 343 1124 ub
365 1057 453 1124 omni
474 1065 566 1143 parte
589 1068 710 1127 rectum
733 1060 870 1144 videtur,
898 1080 995 1143 qaum
1023 1059 1104 1126 ratio
1137 1059 1332 1145 proponitur,

216 1181 279 1244 qua
302 1159 388 1240 „ita·‘
417 1160 585 1244 particula,
614 1183 654 1229 ex
681 1161 868 1248 pronomine
896 1161 1043 1230 derivata
1071 1161 1117 1228 rei
1144 1159 1331 1247 expositioni

218 1261 432 1347 praemittitur
459 1271 493 1328 et
520 1263 733 1331 abundantis
749 1263 887 1349 quadum
916 1263 1087 1330 eonsilium
1116 1263 1245 1346 aliquod
1280 1262 1333 1328 de-

218 1364 557 1451 signatur,-adjunetis
585 1366 690 1434 vertis
713 1374 777 1450 „ut,
801 1367 863 1432 ne“
890 1365 957 1454 (Oi.
979 1364 1208 1441 Hand-Tura).
1240 1363 1332 1429 Adde
1387 1382 1389 1386 ’

217 1465 372 1532 formulas
395 1467 562 1550 quasdam,
586 1468 699 1551 quales
721 1475 812 1543 sunt:
840 1467 893 1552 „id
916 1469 999 1552 ago“
1022 1474 1054 1533 et
1082 1487 1141 1549 „eo
1165 1466 1331 1546 oonsilio“,

219 1567 393 1652 inquibus
422 1568 601 1637 sententias
631 1569 836 1658 insequentes
867 1569 910 1639 ad
943 1587 1119 1654 pronomen
1146 1568 1334 1635 referendus

218 1690 292 1737 esse
321 1677 466 1755 apparet.
511 1672 644 1739 Praeter
670 1674 729 1742 iras
757 1673 947 1755 loeutiones,
974 1671 1116 1737 omnium
1145 1690 1203 1737 usu
1231 1672 1334 1750 tritas,

219 1772 300 1838 haee
333 1770 533 1857 pronominis
562 1776 723 1860 usurpatio
756 1783 887 1862 propter
916 1772 1114 1840 levissimum
1151 1793 1233 1856 quae
1260 1792 1333 1858 pro·

214 1874 341 1940 nomini
364 1875 459 1959 inest,
481 1877 724 1944 demonstrandi
739 1877 803 1944 vim
819 1878 924 1943 minus
939 1874 1068 1959 quidem
1084 1876 1215 1959 vulgatu
1230 1892 1335 1959 neque

219 1997 294 2043 vero
324 1976 469 2043 inaudita
497 1985 530 2045 et
551 1980 591 2045 ab
615 1979 739 2047 ratione
761 1980 869 2046 aliena
890 1986 949 2045 est.
993 1977 1087 2059 Quod
1115 1979 1337 2064 comprobetur

219 2079 279 2146 hoo
300 2079 384 2146 loeo:
407 2080 466 2165 Ep.
483 2080 598 2164 XVIII,
613 2082 643 2147 4.
659 2081 689 2163 7,
712 2080 826 2166 ,hiems
852 2080 973 2166 frigora
995 2079 1139 2146 addueit:
1161 2080 1335 2166 algendum

221 2190 285 2267 est3
308 2187 417 2248 aestas
439 2181 564 2249 eaiores
587 2183 702 2249 refert:
724 2169 937 2257 aestuandum
960 2190 1011 2249 est
1039 2233 1045 2247 .
1068 2229 1076 2247 .
1100 2232 1107 2248 .
1129 2182 1213 2249 hane
1230 2203 1336 2249 rerum

219 2283 440 2352 condicionem
463 2293 585 2352 mutare
607 2307 671 2353 non
694 2305 878 2371 possamus:
909 2286 942 2352 id
975 2305 1156 2370 possamus,
1185 2304 1337 2369 magnum

219 2407 346 2454 sumere
368 2386 510 2453 animum
532 2393 566 2453 et
589 2387 658 2454 viro
683 2389 764 2455 bono
788 2387 937 2474 dignum,
965 2407 1028 2471 quo
1056 2386 1181 2453 Iortiter
1205 2386 1338 2454 fortuite

219 2490 380 2578 patiemur
408 2492 441 2556 et
467 2498 601 2556 naturae
624 2491 886 2564 consentiamus?
912 2490 961 2557 Oi.
978 2490 1044 2558 (iia.
1061 2489 1100 2555 de
1116 2488 1171 2554 fin.
1186 2489 1224 2573 V,
1241 2491 1269 2554 7.
1286 2491 1337 2571 19,

219 2593 263 2661 ‚id
285 2593 456 2659 honestum
478 2591 530 2675 sit,
552 2593 661 2659 faeere
683 2592 822 2662 omnia..
845 2641 853 2658 .
876 2595 895 2658 .’

304 2693 367 2775 Qui
388 2694 524 2761 electius
547 2695 739 2780 scriptitant,
756 2688 938 2787 ‘pronomen
962 2691 1249 2762 demonstrativum
1270 2699 1336 2758 tam

219 2804 289 2863 arte
311 2815 382 2864 eum
406 2797 551 2882 subjecto
573 2796 769 2884 conjungere
791 2805 912 2878 amant,
934 2804 969 2863 ut
989 2816 1092 2882 genus
1105 2812 1336 2880 numerumque

220 2900 262 2966 ad
290 2898 369 2966 iilud
398 2899 648 2968 accommodent
707 2900 801 2984 Apud
829 2901 989 2970 Senecam
1023 2899 1105 2965 haee
1137 2896 1337 2982 pronominis

220 3001 368 3068 attruetio
391 3021 454 3067 non
477 3002 523 3068 ita
545 3022 618 3070 roro
640 3001 849 3074 desideratur.

305 3105 366 3190 Ep.
381 3103 469 3188 XIX,
485 3107 514 3172 8.
536 3105 588 3185 25,
612 3103 682 3185 ,hoe
703 3114 754 3170 est
769 3103 949 3190 sapientia:
971 3124 1035 3171 non
1057 3101 1338 3188 disputatiuneulis

221 3208 371 3274 inanibus
402 3205 611 3273 subtilitatem
645 3206 854 3280 vanissimam
878 3198 1031 3292 'agitare’
1079 3207 1137 3290 Iip.
1159 3205 1228 3285 XV,
1254 3207 1280 3270 t.
1306 3208 1337 3288 i,

309 3451 335 3522 *t
355 3451 432 3524 „true
459 3453 513 3512 orei
531 3451 694 3525 tisnunnriao
713 3456 813 3511 meroen
840 3449 876 3524 nit
895 3451 954 3521 oud)
973 3449 1113 3523 pensaret,
1143 3461 1183 3508 too
1208 3449 1240 3519 ire
1262 3448 1335 3519 outo

221 3543 295 3602 tineo
312 3541 447 3614 iniqeutro
468 3539 566 3599 Aecus.
588 3559 611 3601 e.
624 3543 671 3604 inf.
697 3546 757 3601 noer
774 3542 849 3601 einen
871 3545 983 3601 orbetur
1001 3539 1063 3608 &os
1081 3539 1204 3600 eritutert
1228 3544 1336 3608 meoet,

221 3636 274 3692 uuo
293 3630 347 3703 bier
366 3632 428 3704 qeiqt
445 3629 489 3699 ires
507 3631 544 3690 iro
565 3630 672 3704 usurpo
693 3631 802 3702 oetietbe
826 3629 992 3703 Uttettriuiet.
1029 3629 1080 3690 su
1102 3630 1130 3686 id
1152 3629 1259 3698 ntulisti
1281 3641 1335 3689 oet:

222 3722 284 3793 itett
301 3736 364 3780 mors
381 3719 453 3791 torno
471 3725 553 3780 eunus
571 3721 609 3780 ira
621 3721 735 3796 Vintiqeo
748 3721 928 3793 tiutiotteues,
946 3725 996 3781 tos
1014 3721 1074 3789 und)
1093 3719 1135 3778 eiu
1152 3716 1216 3778 utut
1234 3719 1336 3778 tristes:

222 3811 276 3882 ituit
295 3815 355 3870 nott
372 3809 508 3878 muoiiidtt
526 3810 599 3871 tuito.
637 3810 713 3867 Caes.
731 3813 756 3870 b.
770 3809 801 3867 G.
816 3814 841 3872 1.
854 3810 879 3878 I,
897 3809 1016 3878 ,Caesari
1034 3825 1117 3880 qaum
1134 3807 1163 3862 id
1181 3808 1336 3864 nuntiatum

223 3905 302 3968 esset,
326 3917 371 3955 eos
394 3916 442 3970 per
466 3899 634 3968 provinciam
657 3902 779 3954 nostram
801 3899 857 3954 Iter
878 3899 965 3956 faeere
989 3898 1082 3953 eonari
1105 3937 1112 3953 .
1132 3943 1138 3955 .
1157 3897 1173 3958 .’
1214 3894 1336 3971 muqeqen

223 3992 291 4049 trite
316 3997 344 4049 es
368 3988 526 4061 untimIIq
554 3987 625 4044 Anu.
644 3989 702 4047 XV.
727 3989 776 4060 35,
799 3983 876 4060 ,jussi
899 3987 929 4043 id
947 3990 1117 4042 accusatores
1153 3985 1277 4057 objieore’
1306 4003 1336 4058 qu

223 4077 353 4150 intestines,
372 4079 420 4138 roie
439 4076 556 4149 Vitoitber
575 4077 669 4149 ronilte,
687 4082 754 4137 tenu
772 4077 825 4148 tier
843 4077 898 4146 [ruo
915 4076 955 4136 oie
973 4075 1107 4150 torpentes
1130 4080 1337 4148 uorqetneoteteo

223 4166 330 4227 (itione
348 4172 393 4228 oer
409 4167 521 4240 unrtuqe
548 4166 684 4239 meteuttid)
713 4165 936 4250 peristereonos
959 4170 1007 4228 osu
1031 4164 1249 4241 ourbesqebenoert
1267 4163 1335 4224 ruiti:

223 4255 328 4325 timeufl
