3112 5070
284 1321 503 1427 Det-auctoris
526 1351 644 1418 indole*
668 1357 764 1434 atque
793 1349 974 1415 elocutione
1005 1348 1165 1435 judicium¹
1190 1351 1316 1436 justum

198 1456 275 1522 terri
304 1477 368 1521 non
393 1463 512 1541 potest,
548 1455 620 1538 nisi
640 1452 682 1517 ad
715 1459 833 1517 statum
862 1459 896 1516 et
929 1451 1150 1531 condicionem
1188 1454 1316 1530 aetatis,

198 1567 279 1642 quae
307 1579 379 1624 eum
402 1558 484 1638 tulit,
507 1556 687 1641 respicitur.
731 1552 850 1633 Quodsi
873 1553 998 1620 Gellius
1020 1554 1099 1620 dicit
1119 1553 1250 1638 (xlta.
1271 1556 1316 1638 1,)

199 1663 256 1747 „de
280 1663 414 1728 Annaeo
437 1661 563 1741 Seneca
593 1657 708 1742 partim
732 1656 926 1740 existimant,
954 1665 988 1722 ut
1008 1656 1050 1734 ,de
1080 1657 1235 1740 scriptore
1258 1658 1317 1745 mie

198 1765 287 1832 nime
317 1763 398 1847 utili,
431 1764 521 1846 cujus
554 1761 652 1826 libros
681 1759 839 1842 attingere
866 1761 989 1841 nullum
1023 1762 1316 1847 pretiumoperae

199 1868 250 1950 sit,
288 1866 372 1950 quod
410 1866 514 1931 oratio
532 1907 535 1912 ·
553 1866 622 1949 ejus
659 1859 801 1947 vulgaris
837 1862 983 1927 videatur
1017 1870 1049 1928 et
1084 1865 1226 1947 protrita,
1252 1886 1316 1932 res

199 1979 294 2052 atque
326 1968 506 2034 sententiae
537 1972 593 2030 aut
621 1966 729 2047 inepto
760 1963 912 2047 inanique
936 1964 1057 2049 impetu
1088 1965 1154 2047 sint
1176 1975 1231 2034 aut
1252 1968 1316 2034 levi

199 2079 232 2141 et
260 2071 359 2154 qnasi
381 2068 485 2135 dicaci
512 2066 666 2150 argutia,“
697 2066 818 2130 Fronto
846 2087 876 2150 p.
908 2065 969 2132 155
1000 2067 1070 2152 ejus
1099 2068 1316 2154 eloquentiam

199 2173 365 2241 confusam
394 2168 546 2254 appellat,
578 2187 660 2248 quoe
684 2167 837 2233 radicitus
868 2169 1153 2250 subvertendasit
1183 2210 1223 2220 —
1251 2195 1315 2240 non

200 2277 245 2341 ita
281 2276 396 2340 mirum
433 2280 491 2356 est,
515 2291 585 2336 cum
639 2291 678 2335 ea
713 2262 785 2354 ipsa
816 2269 905 2353 vitia,
942 2292 1023 2355 quae
1060 2273 1232 2357 antiquarii
1268 2276 1315 2341 illi
1385 2287 1387 2292 ’

203 2396 376 2458 eorumque
398 2375 543 2454 asseclae
563 2372 615 2439 vel
638 2372 775 2455 manime
798 2373 1034 2456 reprehendunt
1055 2383 1091 2440 et
1109 2377 1315 2461 insectantur,

202 2480 344 2560 Senecae
366 2476 595 2561 proprietatem
625 2474 853 2558 gravissimam
880 2474 1034 2542 efficiant.
1079 2477 1245 2566 Ejusmodi
1262 2480 1313 2565 ju

200 2569 294 2664 dicia,
313 2567 363 2645 ¹en
392 2579 488 2664 hujus
515 2576 645 2663 generis
674 2575 803 2641 dicendi
829 2576 935 2642 taedio
966 2587 1047 2664 orta,
1079 2580 1201 2665 injusta
1231 2600 1315 2664 esse,

199 2690 381 2768 nomocst,
399 2682 584 2765 ,quiyfneget
628 2680 675 2746 Ab
703 2678 806 2744 altera
827 2698 902 2743 vero
930 2689 1021 2764 parte
1049 2683 1229 2750 cavendum
1257 2691 1315 2778 est,

200 2805 349 2870 ne,;prae
368 2785 541 2869 sententiis
564 2781 740 2868 praeclaris
762 2801 801 2845 ac
823 2779 971 2850 dictionis
994 2784 1164 2868 splendore
1184 2805 1315 2852 corusco

201 2887 289 2964 uitiis
312 2908 377 2953 non
395 2885 653 2969 animaduersis,
687 2883 837 2951 nimiiin
851 2883 1022 2976 ,laudando
1053 2888 1161 2955 simus.
1212 2889 1315 2967 Quam

202 2990 236 3054 in
257 2989 509 3074 :peruersitatem
539 2987 738 3068 inciderunt,
757 2985 825 3079 'qui
842 2995 964 3067 *nostra
992 2996 1098 3055 aetate
1124 2989 1164 3055 de
1178 3069 1179 3072 Ἴ
1193 2991 1253 3057 hac
1281 3009 1315 3055 re

201 3090 491 3175 disputatiunculae
526 3089 808 3173 conscripserunt,
837 3088 1002 3155 Bochmer
1036 3091 1103 3174 „De
1129 3092 1164 3156 L.
1188 3093 1315 3159 Annaei

202 3195 346 3272 Senecae
375 3193 565 3269 latinitatae.
619 3191 698 3257 Oels
721 3190 828 3256 1856“.
850 3197 882 3254 et
910 3189 1005 3274 Opitn
1038 3193 1107 3277 „De
1129 3194 1165 3258 L.
1188 3195 1316 3258 Annaei

202 3295 355 3362 Senecae>
376 3315 494 3380 genere
522 3292 651 3380 dicendi
678 3292 864 3380 Nanmlrurg
886 3313 914 3356 a.
928 3293 960 3372 S.
986 3295 1084 3369 18p71“
1112 3296 1316 3380 quiquidem

201 3397 346 3471 futilibus
370 3397 568 3462 ornamentis
583 3417 630 3466 ,ac
652 3394 828 3480 rhetoricae
851 3394 1042 3479 disciplinae
1065 3397 1230 3481 artificiis,
1248 3399 1315 3481 qni-

202 3499 468 3577 laussenientiae·
485 3499 576 3582 quasi
599 3496 763 3568 involutae
786 3503 870 3579 sunt,
892 3517 1003 3581 parum
1026 3499 1241 3582 «offenduntur,
1270 3502 1315 3566 ita

203 3610 237 3668 ut
265 3603 411 3669 Senecae
429 3602 537 3673 ¹libros
567 3598 775 3682 nonjamin
806 3597 1035 3683 discipulorum
1063 3603 1209 3668 manibus
1232 3623 1315 3685 esse,

201 3693 349 3770 doleant
385 3705 459 3787 Ipse
482 3704 610 3786 quidem
632 3703 777 3786 arbitror,
800 3703 878 3768 vitia
900 3702 1050 3770 dictionis
1076 3705 1206 3789 propria
1228 3712 1314 3770 aeta-

202 3807 244 3872 tis
265 3806 613 3888 condicionibus,>qua,
636 3806 783 3871 omnibus
810 3805 974 3870 literarum
1003 3806 1182 3890 disciplinis
1211 3809 1314 3872 rheto-

201 3909 268 3989 rica
284 3909 373 3974 velut
390 3906 553 3990 infucatis,
575 3907 778 3990 potissimum
802 3927 854 3972 ars
878 3907 1002 3973 animos
1026 3908 1176 3993 capiendi
1199 3909 1315 3974 aciem·

201 4029 261 4093 que
286 4009 464 4090 ,oculorum
497 4009 758 4092 praestringendi
794 4009 932 4088 valebat,
977 4009 1135 4076 declarari
1162 4017 1194 4077 et
1223 4031 1314 4077 exeu-

143 4111 144 4116 ’
201 4112 358 4187 sationem
381 4112 737 4194 habe1·e,nequevero
760 4130 842 4198 esse,
866 4112 978 4194 negari
1001 4133 1106 4197 posse.
1125 4152 1159 4161 -
1178 4113 1316 4194 Seneca,

202 4234 266 4298 qua
296 4222 365 4278 erat
387 4208 465 4282 suae
494 4213 614 4294 aetatis.
636 4214 760 4297 notitia,
798 4214 883 4279 hand
911 4213 1089 4301 ignorabat,
1119 4237 1183 4282 non
1214 4217 1314 4285 fuisse
