3112 5070
755 324 852 423 ,55'

225 576 228 582 ‚
309 540 360 607 Ad
382 541 475 609 Helu.
497 541 538 607 de
560 560 647 608 eons.
670 541 764 626 „ae“:
786 543 816 607 2.
839 541 871 624 4,
908 540 938 607 5.
961 542 992 620 3,
1027 540 1057 606 5.
1080 541 1110 626 6,
1148 543 1177 610 6.
1199 545 1230 624 3,
1259 545 1290 630 6.
1312 544 1344 631 3,
1433 637 1435 640 p
1513 612 1517 624 ,

228 646 277 711 10.
298 645 330 728 2,
355 647 405 711 ll.
427 645 456 726 6,
481 646 528 710 12.
551 645 582 728 4,
604 646 655 711 20.
677 647 707 723 2,
730 644 871 726 „atque“
893 663 958 709 non
981 642 1153 709 invenitur.
1280 709 1282 712 a

310 771 358 836 ue
380 769 418 838 n.
440 772 464 837 1.
488 772 582 851 „aaa
603 770 632 835 a
656 771 686 848 3,
715 771 744 834 a.
767 770 797 848 2,
829 769 877 835 rc.
898 771 929 850 2,
959 770 1009 836 ra.
1030 772 1061 850 4,
1084 772 1237 854 „atquae
1262 727 1289 838 1.
1312 772 1343 852 o,

227 874 277 940 ra
298 875 329 939 a.
373 871 681 956 oerr.111.„ae‘:
706 873 734 937 1.
755 873 785 953 4,
821 873 851 937 a.
870 872 901 953 2,
928 874 958 938 3.
981 871 1012 951 5,
1040 874 1069 938 a.
1094 875 1124 955 1,
1152 874 1181 939 a.
1206 876 1235 952 1,
1259 875 1287 939 r.
1312 877 1340 956 1,

227 973 1429 1060 mumzffizffidfflzffldwuffidffiffl‘

225 1076 905 1162 ffizffldfflmffiffissffid

309 1196 553 1271 Partteutamru
591 1178 898 1282 correspondents.
930 1233 968 1244 —
996 1196 1141 1264 Senecae
1164 1196 1342 1263 orationem

224 1299 448 1384 confragosam
473 1305 514 1380 et,
539 1298 684 1384 partibus
705 1319 771 1364 nou
794 1306 869 1384 apte
899 1299 1142 1382 coagmentatis,
1172 1298 1342 1366 infractam

217 1401 470 1488 appellavimus,
507 1421 587 1472 eum
615 1402 870 1482 observaremus,
899 1421 978 1485 prae
1000 1400 1225 1487 polysyndetis
1247 1409 1343 1485 atque

222 1504 390 1590 particulis
412 1505 474 1571 sibi
496 1503 773 1589 respondentibus,
796 1504 908 1588 quibus
931 1502 1065 1586 elegans
1087 1503 1247 1587 quaedam¹
1267 1512 1341 1571 con·

223 1608 361 1674 cionitas
384 1606 533 1690 efficitur,
557 1606 732 1673 orationem
755 1606 948 1690 saepissime
977 1610 1033 1670 aut
1062 1605 1237 1691 anaphoris
1259 1607 1341 1691 puti-

223 1709 297 1775 dam
336 1708 426 1776 reddi
463 1717 520 1774 aut
557 1706 741 1793 asyndetis,
782 1708 915 1774 flumine
951 1705 1105 1790 impedito
1141 1707 1339 1775 distractam.

221 1811 402 1897 Antequam
424 1809 570 1894 singulas
592 1810 888 1907 corresponsiones·
897 1816 1139 1895 pertractemus,
1161 1807 1223 1874 hoe
1244 1809 1342 1877 liceat

222 1914 255 1979 in
271 1913 456 1980 universum
472 1930 734 1996 commemorare,
750 1911 866 1978 deesse
876 1911 1055 1977 locutiones
1069 1915 1339 1995 ,‚oum-tum“

222 2024 255 2083 et
277 2037 383 2102 „non
406 2012 520 2081 modo
543 2013 677 2079 -scd
700 2014 857 2082 etiam“.

305 2135 475 2202 Formulas
497 2134 682 2219 „et-et“
704 2140 736 2200 et
758 2155 860 2216 „non
884 2135 1167 2201 tantum—sed
1189 2136 1339 2202 etiam“

221 2237 378 2323 exemplis
400 2236 564 2303 illustrare
592 2235 848 2320 supersedemus.
913 2238 1074 2323 Persa-epe
1102 2240 1228 2308 Seneca
1264 2257 1339 2303 con·

216 2339 325 2427 junxit
345 2338 442 2422 „tum
465 2376 506 2387 -
529 2339 666 2424 uuum“,
704 2358 788 2424 quae
810 2338 936 2418 locutio,
969 2360 1029 2425 quo
1060 2341 1216 2427 majorem
1239 2340 1337 2406 ambi-

221 2451 287 2514 tum
310 2440 532 2527 complectitur
555 2461 652 2527 quum
676 2442 848 2526 „et-et“,
870 2462 908 2509 eo
931 2444 1036 2526 magis
1059 2441 1238 2509 rhetoricae
1260 2462 1337 2526 gra-

220 2543 312 2610 vitati
334 2543 478 2610 inservit.
536 2543 624 2610 [nter
646 2551 815 2627 utrumque
845 2545 930 2610 enim
961 2545 1043 2612 uitro
1065 2545 1127 2611 hoe
1150 2562 1223 2611 sese
1244 2545 1338 2611 offert

220 2644 403 2727 discrimen,
426 2654 461 2713 ut
483 2650 537 2732 „et
551 2685 590 2696 -
607 2652 659 2714 et“
681 2653 798 2732 partes,
836 2646 949 2737 quibus
980 2646 1102 2731 aliquid
1125 2647 1336 2730 compositum

219 2753 277 2829 est,
300 2749 548 2833 „tam-quam“
570 2749 702 2834 iusuper
730 2749 869 2833 partium
892 2750 1120 2834 aequalitatem
1143 2747 1313 2832 significet.

302 2874 352 2941 De
375 2875 411 2941 ir.
426 2878 453 2961 Ι,
468 2878 497 2944 2.
512 2877 542 2960 4,
565 2875 629 2960 ‚qui
651 2882 717 2940 tam
739 2875 925 2961 parentibus
949 2876 1076 2944 amissis
1097 2876 1219 2942 flebunt
1240 2895 1336 2960 quarn

211 2978 373 3047 nucibus!
416 2980 464 3046 De
487 2979 525 3045 ir.
547 2980 572 3063 I,
598 2981 647 3062 16,
670 2979 700 3062 6,
736 2978 804 3062 ,sed
833 2985 899 3044 tam
923 2978 1092 3045 commoda
1114 2976 1241 3044 illorum
1264 2977 1335 3044 sine

217 3080 340 3147 invidia
361 3081 518 3163 videmus,
546 3101 641 3166 quam
670 3080 793 3147 seelera
822 3079 892 3147 sine
914 3080 982 3146 ira.’
1039 3081 1078 3147 N.
1102 3103 1132 3164 q.
1155 3079 1209 3161 IV,
1235 3083 1281 3146 13.
1304 3083 1335 3164 4,

217 3189 293 3265 ,tam
315 3182 437 3251 homini
459 3204 555 3269 quam
577 3183 675 3249 feriu'
720 3183 780 3269 Ep.
804 3185 859 3263 IV,
883 3185 931 3250 13.
955 3187 984 3264 6,
1010 3190 1087 3264 ,tarn
1108 3182 1218 3248 Ardea
1240 3191 1335 3268 capta

103 3269 111 3281 ⁸
217 3291 267 3350 est
302 3304 398 3368 quam
426 3287 541 3353 Roma,
596 3284 847 3370 up.11,14..1‚
877 3291 952 3364 ,tam
981 3284 1183 3353 interdiu..
1208 3305 1334 3369 .quam

202 3382 331 3453 'noete‘
387 3389 446 3473 ΕΙ).
471 3387 555 3468 XIV,
577 3389 608 3455 3.
631 3386 660 3467 7,
691 3392 768 3470 ,tam
793 3382 957 3452 hoiuinum
987 3406 1083 3469 quam
1114 3387 1236 3453 urbium
1267 3384 1335 3454 iata

217 3489 410 3577 volvuntur!
447 3489 512 3575 Ep.
532 3489 651 3569 XVIII,
672 3488 699 3553 1.
714 3489 764 3569 33,
792 3490 868 3569 ,tarn
890 3496 1024 3555 mortem
1047 3508 1144 3574 posse
1172 3490 1335 3575 eoptemni

217 3609 312 3675 quarn
342 3590 493 3659 exilium!
541 3593 600 3677 Ep.
620 3588 738 3670 XVIII,
757 3591 787 3657 2.
810 3593 840 3672 4,
877 3589 992 3673 ,timeri
1021 3598 1129 3657 autern
1157 3598 1223 3660 tarn
1247 3590 1334 3657 domi

215 3692 388 3761 ¹molestum
415 3701 473 3760 est·
500 3713 597 3778 quam
627 3692 720 3775 toris,
757 3700 823 3759 tam
853 3714 873 3758 a
899 3694 1001 3760 servis
1038 3713 1133 3776 quam
1161 3693 1334 3761 alitteris!

217 3796 274 3881 Ep.
297 3796 417 3880 XVIII,
438 3798 468 3864 5.
492 3799 522 3877 6,
559 3803 635 3880 ,tam
651 3795 722 3863 sine
741 3793 887 3881 profectu
910 3794 1016 3861 alieno
1040 3815 1137 3880 quam
1160 3795 1231 3862 sine
1254 3801 1332 3863 suo!

216 3898 275 3990 Ep.
297 3898 382 3982 XIV,
403 3901 434 3967 4.
459 3899 508 3979 16,
542 3905 617 3980 ,tam
640 3898 710 3965 sine
733 3898 917 3973 commodis,
938 3898 1143 3965 beatissimus
1166 3905 1216 3965 est
1237 3919 1331 3983 quarn

216 4020 280 4065 non
304 4006 354 4067 est
375 4000 435 4067 sub
457 3999 669 4081 incommodis
692 4000 808 4068 miser!

301 4120 386 4187 Usus
428 4120 622 4189 locutionum
664 4137 753 4206 „nou
796 4122 902 4191 sutum
944 4159 987 4170 -
1029 4119 1088 4191 sed
1133 4096 1262 4192 etiam“
1299 4129 1333 4189 et

216 4237 292 4309 ,nun
334 4239 449 4313 verum
494 4260 535 4273 -
579 4221 641 4293 ted
684 4223 815 4312 etiam“
859 4223 972 4310 paucis
1015 4223 1096 4291 Iocis
1135 4224 1328 4292 continetur.
