3112 5070
723 336 796 454 ‘ca

268 592 270 594 ·
303 571 500 653 Sententiae,
537 590 617 654 quas
654 572 724 639 vult
758 573 792 637 in
830 578 1037 657 conspectum
1061 570 1186 652 cadere,
1222 571 1336 656 incipit

217 672 384 759 particulis
406 673 557 758 „sicut,
579 673 704 757 velut,
726 673 1073 756 quemadmodum,
1097 674 1335 756 qucmcdc“,

301 775 361 841 Vel
385 776 524 841 manime
545 775 607 860 vis,
623 794 704 860 quae
719 775 898 860 particulae
922 775 1065 860 „altul“
1088 777 1182 856 locst,
1206 775 1335 842 demon-

220 879 366 959 stratIva,
389 878 535 945 Senecae
558 879 718 944 convenit.

303 981 364 1065 Ep.
385 980 456 1062 XV,
476 983 506 1047 3.
528 982 582 1064 64,
605 981 699 1061 ,sicot
721 982 883 1049 sanctiora
906 1002 1079 1065 sacrorum,
1109 981 1155 1048 ita
1177 982 1210 1047 in
1233 981 1335 1067 philo-

218 1082 353 1166 sophia.
371 1131 379 1148 .
396 1085 413 1148 .'
459 1080 768 1168 0110010111.
786 1087 814 1165 1,
838 1085 897 1168 Ep.
914 1082 1005 1166 XIII,
1021 1087 1050 1151 2.
1067 1086 1118 1164 23,
1139 1085 1224 1169 XIV,
1239 1087 1269 1152 2.
1284 1086 1335 1164 31,

217 1185 286 1266 XV,
309 1188 338 1252 3.
361 1187 392 1266 9,
414 1184 535 1270 XVIII,
557 1188 588 1254 5.
611 1188 642 1270 6,
664 1186 747 1266 XIV,
771 1187 799 1250 1.
823 1187 853 1270 4,
874 1186 913 1252 N.
937 1206 966 1268 q.
989 1186 1031 1268 II,
1050 1187 1147 1270 221,
1168 1186 1209 1268 ΙΙ,
1230 1187 1281 1253 52.
1305 1187 1335 1262 2,

217 1285 275 1371 III,
300 1287 349 1352 15.
372 1289 404 1368 2,
428 1285 478 1351 De
500 1278 556 1353 vit.
581 1288 663 1355 beat.
686 1289 716 1353 9.
739 1290 769 1354 2.

303 1387 450 1472 „velttl.“
495 1387 555 1473 Ep.
580 1388 702 1471 XVIII,
717 1391 747 1456 5.
766 1391 814 1473 11,
838 1388 962 1468 ,cadem
985 1390 1042 1456 1111
1065 1389 1226 1456 sententia
1248 1389 1336 1455 velut

218 1492 340 1558 lacerto
362 1510 498 1557 excussa
520 1493 701 1575 torquetur!
744 1491 795 1557 Ad
818 1492 930 1578 Polyb.
953 1492 993 1559 de
1017 1514 1095 1559 cons
1119 1495 1169 1558 14.
1184 1489 1335 1580 2„aliud

218 1594 381 1659 habebunt
402 1592 539 1677 pondus,
562 1595 650 1661 velut
664 1594 705 1660 ab
720 1594 851 1660 oraculo
867 1594 1020 1661 missum.'
1045 1595 1093 1662 Cf.
1110 1592 1172 1681 Ep.
1188 1593 1244 1677 III,
1258 1590 1288 1659 4.
1307 1594 1334 1677 1,

218 1696 287 1780 XV,
309 1698 338 1761 6.
362 1697 392 1780 8,
416 1694 482 1779 XV,
505 1698 534 1764 3.
556 1698 609 1781 45,
645 1696 705 1762 Ad.
727 1697 821 1762 Helu.
845 1697 885 1763 de
907 1718 993 1764 cons.
1016 1699 1067 1765 29.
1091 1701 1121 1782 l,
1146 1695 1200 1763 nd
1221 1695 1333 1782 Polyb.

219 1797 260 1864 de
283 1816 371 1864 cons.
394 1797 423 1863 8.
448 1799 477 1883 l,
500 1798 585 1868 Dial.
607 1800 664 1881 ΙΙΙ,
685 1799 715 1863 4.
740 1800 767 1864 1.

304 1900 458 1987 ,1111111α
508 1900 553 1996 11.
571 1920 600 1984 q.
628 1901 653 1982 I,
677 1903 706 1966 1.
728 1899 759 1980 9,
795 1899 945 1984 ,minores
983 1903 1164 1989 majoresve
1200 1901 1334 1984 ignesve

220 2004 386 2083 exsistere,
421 2009 515 2088 prout
551 2002 623 2087 plus
651 2001 717 2068 illis
739 2001 801 2068 tuit
822 2004 1001 2071 autminus
1024 2004 1157 2071 virium!
1201 2002 1249 2069 Cf.
1273 2003 1334 2084 Ep.

220 2108 291 2188 VII,
314 2108 344 2172 8.
368 2107 417 2190 14,
439 2105 479 2172 N.
502 2123 532 2187 q.
555 2104 581 2190 l,
604 2107 633 2171 3.
660 2107 708 2171 11.
730 2142 773 2152 -
794 2104 832 2169 11
855 2125 961 2172 rerum
983 2105 1230 2192 comparatione,
1252 2123 1334 2188 quae

220 2209 396 2276 instituitur
417 2207 576 2293 particula
611 2210 745 2292 „prout“
784 2208 914 2276 serioris
937 2209 1053 2276 aetatis
1075 2208 1241 2295 propriam
1264 2226 1335 2274 esse

219 2311 411 2396 particulam
435 2301 521 2394 ,'‚ita“
544 2308 822 2394 interpositamin
846 2310 1031 2377 Tursellino
1068 2316 1335 2378 commemoratur

303 2516 341 2582 N.
365 2536 393 2601 q.
415 2516 440 2599 l,
455 2513 492 2582 ,5.
516 2515 544 2592 1,
580 2512 753 2598 ,positione
776 2513 866 2598 lucis,
900 2533 994 2598 quam
1023 2521 1117 2599 prout
1138 2523 1259 2582 rectam
1282 2515 1334 2582 vel

220 2617 380 2703 obliquam
404 2623 603 2702 receperunt,
624 2615 671 2682 ita
693 2615 882 2683 colorantur.

303 2715 477 2804 Imagines,
500 2718 603 2786 lusins
626 2738 682 2805 per
704 2725 804 2785 totum
828 2718 1065 2787 enunciationis
1088 2718 1240 2786 ambitum
1263 2723 1334 2806 pro·

220 2821 344 2904 ductas,
367 2821 494 2888 Seneca
516 2819 655 2907 incipere
676 2828 767 2887 amat
787 2821 947 2906 particula
969 2813 1291 2908 „quem'ad'modum“.

303 2923 354 2988 De
376 2923 430 2989 vit.
454 2925 588 2991 10114.
613 2927 641 3005 1,
678 2921 959 3007 ,quemadmodum
988 2925 1073 2991 idem
1102 2927 1282 2994 exercitus.
1301 2977 1332 2994 ..

220 3027 267 3092 ita
289 3076 297 3094 .
321 3076 329 3094 .
354 3027 371 3091 .'
415 3026 466 3090 Dc
488 3026 544 3092 vit.
567 3026 651 3092 licat.
676 3027 724 3093 15.
748 3027 778 3108 6,
816 3026 1095 3110 ,quamadmodum
1117 3049 1233 3115 corpus
1263 3082 1270 3097 .
1295 3081 1302 3096 .
1326 3080 1333 3097 .

220 3130 266 3193 ita
302 3179 309 3194 .
341 3178 348 3194 .
382 3129 404 3194 .'
477 3126 526 3193 cf.
557 3127 617 3211 Ep.
648 3127 690 3211 ΙΙ,
719 3129 822 3207 512,
859 3126 968 3213 XVII,
991 3131 1020 3195 2.
1043 3132 1095 3214 23,
1137 3132 1205 3214 XV,
1229 3135 1260 3199 2.
1283 3135 1334 3216 59,

219 3230 308 3314 XVI,
329 3231 360 3296 4.
383 3231 436 3311 29,
478 3228 550 3312 XV,
570 3230 600 3294 2.
621 3229 653 3311 3,
696 3229 764 3310 XV,
790 3231 816 3295 1.
839 3231 869 3311 4,
914 3230 1000 3311 VIII,
1024 3234 1053 3298 2.
1077 3235 1128 3315 31,
1173 3235 1228 3318 ΙΧ,
1250 3237 1281 3301 2.
1303 3237 1333 3319 5,

219 3333 272 3413 IV,
296 3337 344 3399 11.
369 3335 398 3411 1,
420 3331 475 3414 IV,
498 3333 547 3397 10.
570 3332 600 3410 3,
622 3331 677 3411 VI,
699 3332 729 3398 5.
752 3332 781 3411 8,
804 3331 842 3415 V,
866 3334 894 3397 1.
916 3333 947 3414 2,
970 3333 1024 3417 IV,
1048 3336 1095 3401 12.
1115 3335 1145 3419 5,
1167 3336 1221 3417 VI,
1237 3340 1266 3403 6.
1281 3338 1334 3421 26,

221 3431 296 3516 VII,
318 3434 348 3500 4.
370 3435 423 3518 46,
444 3432 536 3516 VIII,
560 3436 588 3498 1.
610 3435 641 3517 2,
666 3432 748 3513 VIII,
772 3435 798 3498 1.
822 3434 872 3516 11,
894 3434 949 3517 IV,
973 3438 1002 3500 1.
1025 3437 1054 3502 2.

304 3537 410 3619 Atque
425 3535 476 3602 his
492 3537 560 3603 1010
576 3555 696 3618 eorum,
710 3553 793 3616 quae
809 3533 849 3600 de
865 3534 1001 3619 singulis
1018 3539 1183 3622 particulis
1196 3539 1334 3605 dicenda

220 3637 422 3722 videbantur,
445 3658 604 3706 summam
619 3637 854 3722 proposuimus,
880 3636 1101 3706 adumbratam
1118 3640 1222 3726 magis
1238 3661 1332 3724 quam

221 3743 261 3808 ab
284 3739 369 3807 omni
393 3745 484 3825 parte
506 3740 696 3807 absolutam.
753 3738 836 3804 Illuc
869 3737 1036 3807 deducitur
1058 3742 1160 3808 oratio
1197 3742 1238 3808 ad
1261 3763 1333 3809 eam

221 3842 462 3928 proponendam
495 3841 770 3923 consuetudinem,
807 3861 888 3924 quae
925 3863 1021 3926 quum
1056 3845 1186 3928 linguae
1210 3845 1333 3930 doctae,
1375 3916 1378 3926 ,

222 3943 366 4011 artificiis
388 3944 605 4015 affectationis
634 3943 808 4023 insucatae,
846 3952 911 4009 tum
942 3945 1072 4030 propria
1100 3947 1242 4030 volgaris
1264 3967 1332 4015 ser-

222 4047 340 4126 monis,
373 4067 438 4112 non
474 4054 542 4113 tam
575 4046 758 4131 elegantiae
794 4067 890 4130 quam
912 4046 1135 4120 delectationis
1158 4048 1332 4129 studiosae,

223 4149 368 4216 Senecae
395 4148 504 4216 iudcli
541 4148 680 4218 maxime
714 4149 902 4234 respondet3
939 4148 1028 4215 illam
1062 4149 1135 4218 dico
1156 4151 1333 4236 particulas

223 4248 368 4335 ejusdem
389 4250 442 4317 vel
464 4249 580 4317 similis
602 4249 743 4316 notionis
764 4250 959 4333 geminandi.
1007 4252 1229 4337 Reduplicatic
1252 4273 1333 4336 quac

1120 4381 1139 4440 5
